3426 5306
1307 555 1732 617 -27-

126 742 131 745 ²
237 760 579 826 divisione
633 760 883 826 numeri
936 758 1200 825 illorum
1251 760 1483 826 decem
1534 761 1788 826 milium
1836 761 2233 827 talentorum
2283 764 2396 828 aut
2444 779 2661 829 errore
2695 766 2806 830 aut

233 867 554 933 consulto
588 867 815 934 fictum
851 885 1000 934 esse
1042 871 1226 934 estne
1268 868 1744 934 statuendum?
1839 866 2155 953 Quinque
2192 869 2371 935 milia
2401 871 2799 937 talentorum

238 972 416 1041 Delo
478 977 542 1041 in
601 992 818 1041 arcem
876 975 1192 1041 translata
1251 991 1401 1041 esse
1473 992 1814 1060 anonymo
1875 976 2247 1042 concedere
2308 995 2443 1043 non
2503 982 2804 1044 vetamur

231 1082 388 1148 loco
418 1081 533 1148 illo
564 1084 961 1168 gravissimo
988 1081 1197 1148 Thuc.
1230 1061 1306 1148 h.
1350 1083 1512 1162 13,3.
1614 1081 1700 1149 Ut
1732 1082 1845 1147 illa
1870 1085 2169 1167 quinque
2198 1083 2376 1149 milia
2401 1084 2799 1151 talentorum

118 1172 129 1183 ³
234 1189 572 1256 divisione
623 1207 707 1256 ex
757 1189 890 1256 illis
938 1190 1170 1256 decem
1223 1188 1491 1255 milibus
1537 1189 1935 1256 talentorum
1982 1189 2138 1257 ficta
2186 1208 2335 1257 esse
2375 1192 2799 1257 statuendum

229 1298 333 1375 sit,
385 1334 469 1343 —
522 1299 576 1363 si
629 1301 942 1381 quattuor
991 1297 1167 1362 milia
1216 1297 1616 1362 talentorum
1670 1295 1844 1362 Delo
1893 1298 2208 1364 translata
2258 1302 2481 1365 essent
2530 1302 2798 1364 auctore

228 1421 597 1490 anonymo,
648 1409 814 1471 haec
863 1409 1179 1488 quattuor
1228 1405 1408 1470 milia
1456 1405 1856 1471 talentorum
1894 1422 2117 1471 nonne
2168 1406 2502 1471 divisione
2538 1424 2622 1471 ex
2670 1405 2801 1472 illis

231 1515 387 1577 octo
440 1512 708 1578 milibus
754 1513 1154 1578 talentorum
1204 1512 1361 1578 ficta
1414 1517 1640 1579 essent
1672 1512 2020 1596 putanda?
2114 1511 2411 1597 (Isocrat.
2451 1512 2610 1578 V111.
2655 1514 2796 1579 126.

230 1618 311 1684 cf.
366 1618 631 1686 Pausan
685 1619 723 1686 l.
778 1619 1049 1706 29,16.)‚
1119 1657 1201 1666 —
1272 1622 1325 1687 si
1387 1622 1510 1685 tria
1570 1620 1748 1685 milia
1818 1620 2215 1686 talentorum
2273 1620 2592 1687 translata
2650 1639 2799 1688 esse

232 1727 528 1794 traderet
576 1744 955 1813 anonymus
989 1726 1514 1812 Argentinensi8‚
1564 1728 1732 1793 haec
1764 1729 1885 1793 tria
1920 1728 2100 1793 milia
2132 1728 2528 1795 talentorum
2562 1729 2798 1794 eadem

233 1837 438 1918 atque
491 1834 603 1900 illa
651 1837 774 1900 tria
826 1835 1004 1900 milia
1050 1835 1446 1901 talentorum
1492 1831 1748 1902 Calliae
1799 1836 2272 1919 psephismatis
2322 1831 2395 1902 C.
2430 1835 2482 1920 J.
2520 1834 2595 1901 A.
2636 1835 2676 1901 1.
2713 1837 2798 1903 32

233 1960 463 2008 nonne
515 1947 740 2009 essent
788 1942 1145 2009 habenda?
1196 1981 1278 1989 —
1331 1946 1400 2008 ut
1457 1943 1593 2008 duo
1657 1944 1835 2008 milia
1892 1943 2288 2009 talentorum
2352 1941 2525 2009 Delo
2583 1946 2799 2010 trans-

231 2050 362 2115 lata
413 2068 562 2117 esse
610 2051 940 2117 traderent
989 2055 1300 2135 excerpta
1349 2048 1885 2135 Argentinensia,
1957 2050 2070 2115 illa
2140 2051 2277 2116 duo
2339 2051 2516 2116 milia
2571 2051 2793 2120 talen-

226 2159 448 2223 torum
508 2156 698 2244 ἱερῶν
753 2153 1097 2244 χρημάτων
1143 2156 1440 2242 (Isocrat.
1493 2157 1653 2223 Vlll.
1716 2158 1822 2224 69.
1877 2158 1955 2223 cl.
2015 2156 2172 2243 126)
2241 2162 2310 2224 ut
2358 2158 2628 2224 vendita
2675 2176 2796 2242 pro

227 2265 496 2331 talentis
533 2264 707 2331 Delo
756 2265 1091 2331 translatis
1125 2284 1350 2331 nonne
1382 2268 1609 2331 essent
1640 2263 2043 2330 statuenda?
2092 2267 2203 2329 aut
2236 2265 2471 2329 horum
2509 2265 2794 2330 duorum

231 2372 485 2438 milium
534 2372 932 2439 talentorum
985 2388 1300 2438 numerus
1350 2388 1573 2437 nonne
1619 2375 1687 2437 ut
1723 2371 2179 2454 duplicatione
2231 2375 2415 2437 ortus
2449 2390 2484 2437 e
2522 2389 2795 2437 numero

238 2480 506 2546 illorum
581 2479 762 2545 mille
829 2479 1227 2546 talentorum
1283 2478 1491 2545 Thuc.
1547 2478 1615 2544 11.
1687 2480 1832 2557 24,1
1891 2478 2051 2544 Vlll.
2113 2480 2246 2557 15‚1
2324 2483 2501 2545 esset
2566 2481 2797 2546 existi-

233 2587 575 2653 mandus?
647 2624 730 2633 —
803 2590 858 2656 si
922 2587 1097 2655 mille
1169 2587 1414 2653 talenta
1464 2585 1638 2652 Delo
1710 2586 2028 2653 translata
2086 2604 2236 2653 esse
2294 2587 2635 2653 exhiberet
2685 2588 2797 2652 illa

236 2713 557 2781 papyruS,
608 2697 774 2762 haec
825 2696 1002 2762 mille
1050 2696 1298 2762 talenta
1349 2712 1573 2761 nonne
1625 2713 1745 2779 pro
1796 2695 1929 2760 illis
1978 2695 2155 2760 mille
2213 2695 2480 2761 talentis
2527 2695 2585 2761 T
2588 2696 2797 2780 hucy-

232 2803 458 2869 dideis
504 2807 730 2870 essent
777 2803 1138 2870 habenda?
1230 2802 1374 2868 Tali
1427 2803 1632 2868 modo
1685 2802 1845 2868 nihil
1897 2802 2071 2868 effici
2122 2804 2419 2886 apparet.

456 2908 624 2979 Cum
700 2914 1083 2989 ceterorum,
1160 2928 1331 2993 quae
1391 2909 1586 2976 affert
1635 2927 2012 2994 anonymus
2061 2908 2587 2994 Argentinensis,
2641 2910 2797 2974 nihil

228 3020 314 3085 sit
388 3017 597 3097 futile,
672 3022 1154 3102 perscrutemur
1236 3022 1449 3084 utrum
1506 3018 1788 3083 traditus
1839 3036 1955 3101 per
2002 3035 2410 3101 anonymum
2489 3035 2797 3083 numerus

229 3125 569 3191 credibilis
618 3127 703 3191 sit
778 3142 1008 3203 necne,
1083 3125 1466 3208 praesertim
1537 3140 1683 3189 cum
1733 3125 2096 3190 admodum
2147 3142 2426 3208 magnas
2477 3127 2797 3208 pecunias

228 3232 399 3299 Delo
474 3233 830 3299 translatas
903 3250 1053 3300 esse
1123 3236 1464 3316 appareat.
1540 3249 1692 3297 nam
1767 3235 1828 3298 et
1882 3231 2328 3298 Athenienses
2390 3249 2795 3316 magnopere

227 3344 476 3418 curant,
526 3344 593 3406 ut
645 3342 971 3423 pecuniae
1020 3341 1172 3407 illae
1220 3338 2066 3418 Athenastransferantur‚
2117 3343 2179 3405 et
2227 3342 2559 3405 sociorum
2609 3357 2797 3405 aera-

226 3450 322 3513 rio
374 3449 440 3513 in
490 3464 709 3513 arcem
755 3448 1075 3513 translato
1119 3446 1564 3513 Athenienses
1611 3449 2195 3530 sumptuosissima
2246 3465 2552 3531 quaeque
2604 3447 2796 3512 moli-

225 3560 445 3621 untur:
500 3573 742 3620 novum
778 3554 1062 3621 inferunt
1096 3554 1341 3621 bellum
1378 3554 1630 3646 Persis,
1654 3553 2141 3620 parthenonem
2176 3554 2533 3620 aedificare
2567 3554 2794 3619 denuo

227 3665 575 3746 incipiunt.

442 3769 642 3836 Anno
688 3771 823 3836 450
871 3774 1241 3854 possuntne
1284 3772 1512 3837 inesse
1564 3771 1860 3854 quinque
1908 3770 2090 3835 milia
2139 3770 2538 3836 talentorum
2588 3771 2653 3834 in
2683 3787 2795 3836 so·-

227 3878 485 3944 cietatis
533 3880 789 3960 aerario
840 3877 1229 3945 Deliaco?20

437 4079 522 4129 20.
562 4073 782 4129 Primus
809 4075 1101 4130 historiam
1130 4073 1552 4130 Atheniensium
1591 4073 1788 4129 aerarii
1828 4072 2057 4143 scripsit
2078 4072 2401 4129 Boeckhius
2422 4070 2791 4129 Staatshaus-

224 4163 453 4234 haltung
474 4165 574 4219 der
601 4163 869 4220 Athener³
914 4164 950 4218 Ι.
989 4167 1288 4219 517—533.
1364 4162 1875 4220 PostBoeckhium
1899 4164 2190 4232 ingeniose
2230 4163 2300 4218 de
2328 4163 2524 4218 aerarii
2552 4162 2788 4218 historia

225 4259 481 4324 egerunt:
530 4253 913 4310 Kirchhoffius
961 4269 1061 4309 zur
1108 4253 1455 4312 Geschichte
1508 4255 1611 4311 des
1653 4254 1946 4311 Attischen
1985 4253 2444 4309 Staatsschatzes
2492 4256 2792 4308 comment.

225 4345 477 4400 academ.
520 4343 701 4400 Berol.
748 4347 899 4409 1876,
957 4343 1258 4400 Belochius
1316 4344 1416 4400 der
1470 4343 1865 4400 Staatsschatz
1926 4357 2068 4397 muS.
2126 4341 2298 4402 Rhen.
2336 4346 2494 4407 39,49
2534 4355 2663 4411 sqq.
2702 4342 2792 4398 die

224 4435 460 4504 eigenen
498 4434 844 4490 Einnahmen
892 4435 993 4490 der
1029 4434 1500 4504 Tempelschatze
1546 4435 1681 4489 ibid.
1722 4448 1778 4503 p.
1817 4439 1888 4488 56
1925 4447 2053 4501 sqq.
2127 4432 2188 4487 E.
2227 4431 2428 4503 Meyer
2464 4431 2698 4488 Forsch.
2739 4450 2791 4487 z.
