3426 5306
1671 559 2095 621 -03-

836 763 1070 848 Neque
1119 763 1269 830 belli
1319 763 1722 830 Archidamii
1794 768 2165 850 temporum
2237 783 2389 832 esse
2463 770 2688 850 potest
2759 769 2864 834 hic
2932 770 3179 836 titulus.

618 872 789 937 Nam
839 875 901 939 et
951 872 1062 954 qui
1112 871 1277 937 tituli
1329 876 1483 939 sunt
1533 888 1860 938 annorum
1892 873 2250 939 425-416
2287 870 2359 940 C.
2396 872 2450 958 J.
2488 872 2564 939 A.
2604 873 2646 939 1.
2682 875 2817 941 260
2848 873 3179 963 (421120),

616 976 768 1058 262,
817 978 969 1059 263,
1018 979 1171 1058 264,
1220 979 1371 1056 265,
1420 979 1574 1058 266,
1644 978 1697 1064 J.
1751 977 1831 1047 G.
1895 978 1968 1044 A.
2028 981 2067 1046 1.
2144 980 2370 1064 suppl.
2444 982 2576 1046 272
2624 998 2663 1047 a
2712 981 2754 1047 b
2803 1000 2839 1048 c
2888 983 2930 1048 d
2982 1002 3017 1049 e
3068 982 3094 1048 f
3138 1003 3185 1069 g

618 1087 928 1153 insularis
1008 1087 1392 1170 provinciae
1472 1087 1701 1153 titulus
1780 1087 2060 1153 Hermae
2132 1088 2238 1166 31,
2327 1089 2449 1153 147
2488 1105 2640 1172 sqq,
2727 1091 2966 1156 solitas
3045 1089 3180 1157 fere

621 1212 895 1260 numero
931 1195 1233 1260 civitates
1258 1195 1455 1260 annis
1486 1195 1847 1261 425-416
1877 1194 2117 1261 tributa
2166 1195 2578 1278 pependisse
2609 1199 2932 1263 testantur
2966 1216 3181 1281 neque

618 1301 816 1366 ullam
852 1300 927 1365 H
953 1300 1229 1369 litteram
1280 1319 1400 1385 pro
1447 1302 1662 1368 vocali
1715 1303 2003 1386 positam
2054 1303 2384 1368 exhibent.
2485 1302 2720 1387 Neque
2753 1322 2900 1370 cum
2936 1304 3183 1389 lapidis

619 1404 692 1475 C.
727 1408 779 1494 J.
816 1408 891 1474 A.
932 1409 973 1474 1.
1023 1409 1268 1479 255156
1318 1411 1488 1476 latus
1536 1411 1886 1476 adversum
1923 1407 2114 1495 (255)
2164 1411 2531 1478 exhibuerit
2577 1411 2932 1479 laterculos
2964 1431 3181 1478 anno-

617 1533 754 1581 rum
803 1517 1069 1583 24-26
1116 1515 1776 1602 (431130-429128),
1829 1517 2001 1583 latus
2049 1517 2345 1584 dextrum
2382 1517 2571 1604 (256)
2623 1519 2933 1585 exhibeat
2982 1520 3181 1586 later-

618 1623 836 1689 culum
886 1625 1044 1689 anni
1095 1625 1179 1689 27
1229 1621 1552 1710 (428127),
1616 1625 1821 1691 latera
1880 1642 2183 1693 aversum
2236 1630 2298 1692 et
2348 1627 2683 1692 sinistrum
2735 1626 2980 1692 nullam
3034 1647 3180 1693 um-

617 1748 815 1818 quam
876 1732 1283 1797 exhibuerint
1340 1734 1755 1815 scripturam,
1830 1750 1976 1797 cum
2050 1735 2115 1798 in
2187 1733 2429 1816 lapidis
2480 1731 2554 1801 C.
2603 1732 2656 1818 J.
2707 1732 2784 1798 A.
2839 1734 2877 1799 1.
2933 1735 3181 1803 257158

615 1838 814 1904 latere
861 1839 1144 1904 adverso
1194 1836 1384 1925 (257)
1433 1842 1643 1906 exstet
1702 1840 2060 1906 laterculus
2115 1841 2269 1906 anni
2321 1840 2408 1907 28
2460 1838 2786 1926 (427126),
2860 1842 2925 1906 in
2985 1842 3179 1909 huius

616 1946 860 2029 lapidis
933 1946 1246 2012 lateribus
1295 1947 1524 2012 dextro
1574 1950 1637 2013 et
1686 1965 1923 2014 averso
1998 1965 2361 2031 numquam
2435 1949 2759 2031 scriptura
2835 1950 3175 2029 exstiterit,

615 2070 762 2118 cum
813 2054 875 2118 in
927 2054 1195 2119 tabulae
1244 2055 1587 2120 marmoris
1639 2053 1713 2122 C.
1763 2053 1815 2139 J.
1867 2053 1942 2121 A.
1984 2055 2022 2120 l.
2063 2055 2194 2121 259
2242 2056 2444 2121 latere
2491 2055 2776 2121 adverso
2825 2056 3177 2124 laterculus

613 2161 769 2225 anni
819 2161 907 2226 29
955 2158 1256 2246 (426125)
1305 2162 1556 2227 incisus
1605 2165 1836 2239 exstet,
1865 2180 2035 2227 *cum
2084 2163 2348 2228 tabulae
2396 2164 2742 2228 marmoris
2792 2161 2866 2232 C.
2915 2163 2967 2248 J.
3012 2162 3090 2229 A.
3131 2165 3171 2230 1.

612 2268 746 2334 260
817 2268 1015 2334 latera
1080 2257 1432 2334 adversum
1509 2272 1570 2334 et
1639 2286 1948 2335 aversum
2024 2270 2374 2335 exhibeant
2446 2270 2824 2336 laterculum
2883 2271 3037 2335 anni
3089 2272 3177 2337 34

613 2372 763 2460 (421
780 2373 938 2463 s20),
989 2374 1235 2459 lapidis
1282 2374 1355 2440 O.
1405 2375 1457 2460 J.
1508 2375 1583 2441 A.
1640 2377 1681 2442 1.
1733 2377 1978 2447 257158
2051 2378 2220 2443 latus
2292 2378 2626 2443 sinistrum
2677 2375 2868 2463 (258)
2916 2377 3172 2443 titulum

615 2499 941 2548 annorum
1033 2483 1610 2563 425s24—-422s21
1716 2485 2039 2568 temporis
2135 2485 2446 2550 exhibere
2539 2484 2678 2550 ullo
2774 2486 2976 2550 modo
3073 2490 3173 2552 est

610 2590 984 2657 verisimile.

825 2697 1214 2783 Fragmenta
1266 2699 1339 2769 C.
1389 2701 1440 2786 J.
1492 2699 1568 2765 A.
1622 2702 1663 2766 l.
1715 2700 1846 2766 258
1895 2704 1958 2766 et
2006 2701 2125 2766 261
2185 2700 2337 2765 belli
2387 2700 2753 2766 Siciliensis
2800 2703 3172 2785 temporum

614 2823 762 2871 esse
812 2808 1126 2889 sequitur.
1225 2806 1522 2887 Quorum
1559 2809 1809 2891 optime
1843 2809 2167 2891 congruit,
2221 2808 2402 2890 quod
2435 2806 2880 2872 Tenediorum
2929 2826 3172 2875 nomen

613 2931 744 2983 non
805 2914 1069 2980 exhibet
1127 2914 1349 2980 titulus
1401 2912 1474 2982 C.
1523 2915 1575 3000 J.
1627 2914 1703 2980 A.
1759 2915 1799 2980 Ι.
1853 2914 2013 2981 258:
2086 2913 2423 2980 Tenedios
2494 2918 2647 2980 ante
2717 2931 2966 2980 annum
3039 2916 3173 2981 412

612 3020 695 3085 ab
766 3019 1292 3087 Atheniensibus
1359 3022 1688 3088 defecisse
1764 3039 1981 3105 neque
2054 3039 2335 3104 usquam
2408 3023 2683 3088 traditur
2750 3040 2963 3105 neque
3035 3022 3171 3087 ullo

610 3127 815 3192 modo
874 3129 1065 3193 statui
1140 3132 1378 3212 potest.
1481 3128 1819 3195 Tenedios
1891 3129 2078 3194 solos
2153 3130 2487 3195 civitatum
2563 3128 3170 3213 Hellespontiarum

609 3235 844 3318 copias
891 3236 955 3299 in
992 3232 1281 3302 Siciliam
1333 3238 1594 3303 misisse
1640 3237 1837 3302 tradit
1871 3236 2301 3321 Thucydides
2335 3236 2463 3303 Vll.
2501 3238 2605 3302 57.
2704 3237 2794 3302 Ea
2844 3238 2926 3302 de
2961 3254 3170 3303 causa

608 3341 945 3408 Tenedios
995 3344 1122 3408 hoc
1170 3361 1350 3409 anno
1400 3344 1710 3410 tributum
1765 3362 1897 3408 non
1957 3344 2240 3410 solvisse
2297 3347 2594 3427 apparet.
2693 3342 2886 3423 Quos
2937 3345 3168 3410 eadem

609 3450 692 3514 de
742 3467 942 3516 causa
989 3467 1170 3515 anno
1221 3468 1509 3534 quoque,
1562 3452 1751 3516 cuius
1800 3454 1898 3516 est
1949 3451 2173 3517 titulus
2223 3447 2295 3517 C.
2345 3451 2396 3536 J.
2434 3449 2510 3516 A.
2557 3451 2596 3517 1.
2649 3452 2800 3529 261,
2854 3451 3166 3517 tributum

611 3575 744 3622 non
796 3557 1081 3623 solvisse
1128 3560 1260 3623 veri
1315 3563 1413 3625 est
1464 3558 1696 3624 simile.
2067 3617 2070 3620 ,

823 3664 897 3730 Et
945 3668 1232 3748 possunt
1280 3683 1429 3731 esse
1477 3665 1645 3732 tituli
1698 3662 1771 3733 C.
1822 3666 1873 3751 J.
1925 3665 2003 3732 A.
2056 3665 2097 3731 1.
2144 3667 2294 3733 258.
2368 3667 2487 3732 261
2557 3671 2666 3733 aut
2714 3667 2871 3731 anni
2921 3666 3168 3735 416115

609 3775 720 3837 aut
770 3773 923 3837 anni
973 3773 1222 3852 415114
1267 3775 1381 3838 aut
1429 3775 1583 3838 anni
1632 3774 1896 3850 414113.

822 3875 1062 3945 Socios
1108 3877 1615 3945 Atheniensium
1689 3883 1817 3945 iam
1867 3900 2019 3946 vere
2091 3882 2242 3946 anni
2292 3883 2423 3947 415
2473 3887 2607 3947 tam
2670 3882 2922 3947 multas·
2963 3899 3169 3965 pecu-

607 3987 753 4051 nias
801 3987 865 4051 in
913 3985 1280 4053 Alcibiadis
1353 3987 1580 4052 Niciae
1643 3988 1945 4053 Lamachi
2021 3989 2519 4071 expeditionem
2594 3990 3026 4072 impendisse,
3101 3992 3169 4054 ut

605 4091 863 4176 plurimi
916 4095 1078 4159 socii
1134 4095 1374 4160 tributa
1425 4095 1683 4160 solvere
1733 4097 1860 4160 iam
1913 4097 2040 4161 hoc
2089 4114 2269 4161 anno
2320 4115 2453 4161 non
2504 4097 2860 4180 potuerint,
2911 4097 3024 4162 vix
3068 4099 3169 4162 est

604 4201 980 4267 verisimile.
1755 4193 1758 4196 ¹
2578 4283 2586 4289 ,

640 4367 647 4370 ,
816 4308 976 4392 Jam,
1032 4313 1285 4376 aestate
1352 4312 1507 4374 anni
1566 4312 1697 4375 415
1772 4311 2122 4393 hiemeque
2170 4311 2417 4397 415s14
2464 4309 2916 4377 Athenienses
2989 4311 3165 4375 haud

603 4434 923 4504 prospere
981 4435 1084 4487 res
1133 4419 1197 4481 in
1250 4416 1471 4484 Sicilia
1527 4423 1782 4507 gerunt.
1877 4418 2021 4506 Jam
2073 4423 2324 4488 aestate
2369 4420 2500 4484 415
2549 4416 2930 4487 Alcibiades
3001 4418 3170 4505 fugit
