3426 5306
1360 580 1786 643 ..45-

305 791 698 877 Thucydide
749 807 961 873 neque
1011 788 1097 854 ab
1145 787 1276 853 alio
1325 788 1560 853 tradita
1608 790 1903 855 attamen
1966 808 2100 856 non
2161 790 2328 858 levis
2375 797 2709 860 momenti.
2809 797 2875 862 ln

306 901 646 967 societatis
695 896 1006 963 Deliacae
1054 894 1308 961 Atticae
1358 896 1553 962 rebus
1603 896 2018 975 domesticis,
2070 902 2137 964 ut
2185 900 2273 965 ita
2303 900 2623 980 dicamus,
2673 901 2876 969 Athe-

307 1010 574 1074 nienses
629 1005 780 1072 talia
841 1003 1213 1069 concedunt
1262 1002 1842 1069 Lacedaemoniis:
1916 1005 2094 1070 unde
2166 1004 2402 1072 fideles
2461 1025 2611 1075 esse
2681 1012 2872 1077 amici
2969 1024 2972 1027 ’

305 1116 619 1181 videntur
651 1114 853 1179 sociis
885 1110 1386 1178 Atheniensium
1423 1110 1967 1177 Lacedaemonii:
2015 1112 2232 1180 ferunt
2260 1113 2529 1181 Thasiis
2562 1117 2872 1184 auxilium

306 1225 501 1290 etiam
550 1222 780 1306 viginti
830 1222 1021 1287 annis
1061 1222 1214 1303 post
1270 1220 1673 1302 promissum
1704 1217 1975 1285 factum.
2071 1220 2212 1287 Hac
2245 1239 2511 1306 quoque
2546 1224 2630 1289 de
2674 1242 2874 1293 causa

304 1330 665 1415 Aeginetae
714 1347 891 1395 anno
938 1328 1070 1393 432
1121 1326 1685 1392 Lacedaemonem
1744 1325 2001 1413 legatos
2060 1329 2318 1395 mittunt
2378 1329 2545 1396 clam
2595 1330 2871 1399 Atheni-

304 1438 577 1504 ensibus
624 1437 835 1503 Thuc.
888 1435 930 1501 l.
982 1436 1155 1513 672,
1208 1435 1331 1499 hac
1381 1452 1649 1518 quoque
1700 1434 1787 1499 de
1849 1452 2053 1501 causa
2102 1435 2608 1504 Lacedaemonii
2661 1439 2866 1507 Athe-

305 1548 575 1612 nienses
641 1543 999 1610 Potidaeae
1071 1542 1491 1609 obsidionem
1560 1540 1820 1607 solvere
1919 1543 2164 1622 iubent,
2239 1543 2705 1630 Aeginetarum
2778 1551 2865 1614 rei

306 1653 612 1738 publicae
683 1652 926 1717 deinde
998 1652 1288 1716 omnium
1341 1648 1843 1715 Atheniensium
1904 1652 2236 1717 sociorum
2297 1652 2658 1721 libertatem
2709 1673 2871 1739 pos-

306 1764 460 1827 cunt
506 1760 716 1825 Thuc.
771 1759 812 1824 Ι.
872 1759 1014 1824 139.
1075 1760 1127 1822 1.
1179 1758 1239 1823 3.
1360 1757 1499 1822 Hac
1546 1774 1821 1841 quoque
1870 1758 1953 1824 de
2013 1775 2215 1824 causa
2261 1759 2640 1845 Mytilenaei
2690 1781 2867 1831 anno

302 1870 437 1935 428
508 1866 820 1932 auxilium
893 1869 1123 1949 petunt
1193 1883 1233 1931 a
1305 1865 1854 1932 Lacedaemoniis
1925 1864 2133 1932 ThuC.
2197 1867 2294 1933 111.
2345 1868 2408 1947 9,
2478 1870 2604 1935 iam
2676 1874 2869 1938 antea

306 1978 495 2061 pacis
543 1975 959 2058 temporibus
1005 1972 1318 2040 auxilium
1370 1975 1738 2056 petiverant
1772 1991 1812 2038 a
1847 1973 2391 2042 Lacedaemoniis
2439 1976 2863 2046 rebellionem

305 2081 671 2169 parantes.3

518 2207 708 2287 Quae
758 2226 906 2273 cum
945 2210 1034 2272 ita
1068 2210 1216 2285 sint,
1252 2207 1529 2272 dubitari
1569 2226 1702 2272 non
1738 2212 1981 2291 potest,
2019 2211 2178 2293 quin
2214 2207 2533 2294 Galepsii,
2583 2230 2864 2296 quorum

307 2334 551 2382 nomen
621 2315 1183 2398 sexagesimarum
1252 2313 1415 2380 tituli
1491 2314 1826 2394 exhibent,
1900 2317 2033 2382 sint
2102 2314 2398 2401 Galepsii
2468 2317 2861 2385 Thasiorum

304 2424 523 2491 coloni
575 2421 812 2507 (Thuc.
866 2420 967 2486 IV.
1028 2421 1168 2486 107.
1223 2418 1512 2506 [Scylax]
1563 2422 1669 2500 67,
1730 2423 2037 2509 Marsyas
2096 2426 2309 2489 minor
2373 2427 2550 2509 apud
2602 2426 2863 2510 Harpo-

303 2535 454 2597 crat.
551 2548 604 2596 s.
655 2549 715 2594 v.
768 2526 1122 2612 Galepsus,
1177 2528 1562 2595 Heraclides
1609 2533 1720 2595 aut
1769 2528 2332 2614 Philostephanus
2381 2534 2558 2617 apud
2603 2534 2862 2617 Harpo-

302 2642 455 2707 crat.
508 2657 560 2705 s.
610 2658 670 2703 v.
724 2634 1009 2723 Stryme)
1085 2655 1217 2702 non
1291 2633 1589 2721 Galepsii
1662 2638 1728 2706 in
1798 2634 2099 2705 Sithonia
2167 2639 2538 2708 habitantes
2586 2639 2859 2728 (Herod.

300 2747 434 2813 Vll.
495 2743 699 2830 122).4
792 2744 1028 2828 Neque
1079 2746 1251 2809 enim
1302 2742 1640 2828 Galepsus
1697 2745 1783 2811 ab
1832 2745 2174 2812 Herodoto
2234 2750 2568 2816 nominata
2629 2751 2859 2816 eadem

299 2858 400 2921 est
473 2858 670 2937 atque
743 2850 1097 2935 GalepsuS,
1171 2870 1369 2936 quam
1440 2852 1878 2938 Thucydides
1949 2853 2296 2921 nominat.⁵
2410 2855 2524 2923 llla
2593 2858 2859 2940 quidem

301 2964 470 3028 inter
515 2960 833 3025 Toronen
887 2962 947 3023 et
998 2956 1339 3044 Sermylen
1391 2962 1427 3024 i.
1479 2978 1534 3025 e.
1596 2962 1660 3025 in
1723 2978 1838 3026 ora
1908 2960 2297 3028 occidentali
2350 2960 2688 3031 Sithoniae
2738 2967 2861 3032 sita

222 3069 249 3094 ³
296 3072 417 3148 est,
467 3066 715 3154 (neque
765 3069 1107 3152 quomodo
1157 3085 1239 3132 eo
1282 3066 1509 3133 Thasii
1561 3066 1893 3132 coloniam
1945 3069 2360 3150 deduxerint,
2412 3071 2857 3159 intellegitur)

298 3177 465 3242 haec
516 3176 693 3241 haud
745 3176 946 3242 dubie
997 3178 1167 3241 inter
1216 3172 1638 3259 Strymonem
1689 3178 1752 3240 et
1801 3174 2077 3242 Nestum
2128 3178 2192 3242 in
2244 3195 2360 3244 ora
2394 3177 2599 3265 Aegei
2654 3182 2857 3247 maris

296 3283 531 3350 Thaso
580 3285 864 3350 adversa
912 3301 1121 3368 prope
1174 3281 1510 3374 Oesymen
1561 3287 1661 3349 est
1707 3284 1858 3350 sita.

516 3410 593 3476 Et
667 3411 847 3494 quod
908 3408 1209 3493 Galepsii
1283 3427 1465 3474 anno
1516 3407 2153 3476 Hellenotamiarum
2235 3413 2312 3476 12
2361 3410 2670 3500 (442s41)
2736 3416 2858 3480 tria

302 3517 481 3583 milia
548 3518 1009 3583 drachmarum
1083 3516 1241 3584 dant
1310 3517 1639 3596 tributum,
1713 3518 1911 3584 annis
1989 3519 2067 3584 19
2116 3517 2306 3605 (244)
2364 3521 2450 3585 27
2501 3520 2693 3607 (256)
2742 3521 2862 3588 286

295 3623 490 3713 (257)
563 3625 741 3691 mille
787 3630 1041 3692 tantum
1113 3626 1487 3705 drachmaS,
1559 3627 1669 3690 vix
1744 3626 1941 3692 nobis
2012 3626 2373 3693 curandum
2423 3632 2540 3695 est.
2638 3626 2705 3696 Si
2757 3634 2857 3696 est

300 3733 501 3800 nobis
550 3735 917 3799 curandum
968 3731 1442 3817 Galepsiorum
1499 3734 1813 3800 tributum
1884 3734 2108 3799 denuo
2159 3735 2502 3815 minutum,
2577 3754 2725 3801 cum
2775 3755 2857 3802 eo

296 3844 622 3928 coniungi
682 3845 919 3926 potest,
994 3841 1174 3926 quod
1241 3843 1308 3907 in
1360 3859 1438 3908 ea
1493 3841 1789 3910 Thraces
1845 3843 2137 3928 regione,
2190 3843 2254 3909 in
2324 3862 2456 3928 qua
2516 3842 2857 3928 Galepsus
2994 3860 3017 3883 ‘
3113 3845 3119 3853 “

298 3995 713 4005 ——————

548 4097 597 4146 3.
640 4090 958 4147 Busoltium
999 4093 1194 4162 philol.
1233 4096 1320 4158 41,
1363 4097 1467 4147 710
1504 4094 1559 4148 et
1598 4092 1894 4163 Meyerum
1937 4091 2149 4150 Gesch.
2189 4095 2243 4148 d.
2273 4093 2472 4149 Altert.
2501 4093 2542 4164 ξ
2569 4099 2673 4149 295
2701 4093 2853 4150 falso

295 4184 372 4238 de
411 4182 753 4238 Thasiorum
794 4182 1020 4238 tributis
1058 4183 1243 4238 auctis
1283 4183 1531 4239 iudicare
1570 4184 1679 4240 iam
1721 4187 1975 4254 apparet.

546 4276 596 4326 4.
636 4271 795 4327 Errat
836 4272 908 4326 de
946 4272 1052 4328 hac
1091 4287 1151 4327 re
1195 4272 1579 4329 Kirchhoffius
1619 4275 1654 4332 1.
1696 4289 1742 4330 c.
1785 4289 1837 4342 p.
1884 4278 1963 4328 16.

546 4368 598 4416 5.
638 4362 698 4416 ld
739 4361 895 4431 quod
936 4363 1132 4417 statuit
1172 4361 1469 4419 Busoltius
1509 4364 1705 4433 philol.
1746 4367 1832 4429 41,
1872 4366 2079 4433 663sq.

548 4457 595 4507 6.
637 4450 723 4508 De
762 4452 904 4507 tituli
944 4450 1006 4508 C.
1045 4452 1091 4526 J.
1131 4452 1196 4508 A.
1238 4453 1273 4508 l.
1314 4457 1417 4509 257
1456 4467 1605 4509 anno
1646 4451 1778 4509 vide
1816 4469 1964 4525 quae
2003 4469 2126 4529 cap.
2176 4442 2357 4511 lVfa
2414 4453 2856 4528 disputabimus.
