3426 5306
1705 530 2130 607 „55-

650 752 803 820 item
853 753 1242 822 laterculum
1291 751 1715 819 Thraciarum
1765 752 2099 818 civitatum
2147 750 2417 835 plenum
2468 752 2754 830 exhibet,
2829 770 2964 818 non
3016 748 3215 819 exhi-

651 862 891 928 bentur
961 862 1228 928 nomina
1276 859 1639 927 Aeniorum
1711 856 2164 945 Stagiritarum
2236 855 2599 926 Stoliorum
2649 856 3207 944 Sermyliensium

651 968 1146 1053 Aphytaeorum
1196 965 1670 1036 Scionaeorum
1719 967 2206 1033 Mendaeorum
2256 965 2785 1035 Toronaeorum.

867 1075 1058 1155 Quae
1106 1076 1245 1142 fere
1294 1059 1528 1142 omnes
1576 1076 1880 1142 civitates
1928 1078 2162 1159 postea
2210 1078 2322 1141 aut
2370 1092 2547 1141 anno
2581 1076 2713 1141 432
2747 1074 3215 1143 Potideatibus

652 1185 934 1252 ducibus
980 1188 1089 1251 aut
1139 1183 1414 1250 Brasida
1461 1187 1733 1249 auctore
1792 1199 1969 1249 anno
2015 1182 2147 1248 424
2204 1186 2318 1248 aut
2363 1184 2496 1248 423
2552 1183 2639 1249 ab
2686 1182 3217 1252 Atheniensibus

652 1293 1057 1358 desciscunt.

868 1399 1132 1479 Quibus
1179 1398 1262 1465 de
1312 1400 1533 1465 causis
1580 1399 1709 1464 iam
1756 1395 1957 1466 Samii
2007 1396 2157 1464 belli
2207 1399 2622 1482 temporibus
2670 1403 2779 1466 aut
2827 1398 3008 1466 brevi
3064 1403 3225 1483 post

656 1507 994 1574 nescimus
1043 1506 1385 1590 quomodo
1435 1505 1676 1572 multas
1727 1502 2147 1572 Chalcidicas
2204 1507 2505 1572 civitates
2563 1510 2794 1574 contra
2842 1506 3223 1574 Athenien-

655 1633 765 1682 ses
814 1613 1174 1681 rebellasse
1223 1617 1332 1680 aut
1384 1614 1703 1681 rebellare
1754 1617 2028 1680 conatas
2076 1631 2226 1680 esse
2272 1631 2394 1697 pro
2445 1618 2626 1682 certo
2663 1618 2763 1681 est
2812 1615 3221 1695 habendum,

652 1741 1057 1807 quamquam
1108 1722 1263 1788 nihil
1314 1723 1398 1788 de
1451 1723 1553 1788 his
1600 1722 1798 1788 tradit
1846 1720 2295 1806 Thucydides.

867 1828 1020 1908 Quo
1067 1834 1366 1914 tempore
1414 1829 1568 1897 talia
1617 1830 1681 1894 in
1740 1825 2123 1895 Chalcidica
2171 1831 2402 1895 novari
2455 1831 2878 1920 incipiuntur,
2930 1832 3222 1915 primum

654 1941 921 2004 exstant
991 1933 1237 2013 πόλεις’
1270 1930 1460 2000 αὐταὶ
1518 1932 1624 2000 τὸν
1683 1932 1882 2023 φόρον
1936 1932 2284 2018 ταξάμεναι
2331 1941 2394 2004 et
2445 1933 2669 2014 πόλεις
2730 1931 2806 2012 ἃς
2852 1941 2914 2002 οἱ
2961 1936 3224 2002 ἰδιῶται

653 2049 1016 2130 ἐνέγραψαν
1063 2040 1261 2130 φόρον
1319 2051 1559 2131 φέρειν,
1633 2061 1913 2129 quarum
1988 2045 2322 2112 civitatum
2399 2045 2538 2112 fere
2610 2064 2849 2113 omnes
2895 2045 3224 2113 Thraciae

654 2156 808 2219 sunt
858 2153 1241 2236 provinciae
1291 2152 1655 2237 pleraeque
1708 2148 2155 2218 Chalcidicae.

867 2258 1083 2326 Parva
1143 2260 1395 2344 oppida
1454 2257 1893 2327 Aeolitarum²3
1949 2259 2438 2327 Milcoriorum⁴
2488 2259 2914 2329 Sartaeorum
2977 2260 3224 2328 Pilori-

654 2384 841 2433 orum
916 2364 1401 2434 Cleonaeorum
1473 2364 1804 2435 Siniorum
1871 2366 2323 2435 Tindaeorum
2399 2365 2839 2436 Cithasiorum
2912 2366 3225 2437 Smillae-

655 2492 843 2540 orum
920 2470 1375 2556 Gigoniorum
1448 2474 1901 2540 Haesaeorum
1976 2476 2200 2541 omnia
2272 2477 2335 2541 in
2414 2473 2798 2544 Chalcidica
2871 2477 2993 2543 sita
3065 2482 3221 2545 ante

654 2599 897 2648 annum
970 2581 1215 2651 437l36
1297 2582 1549 2667 imperii
1633 2580 1829 2649 Attici
1915 2601 2049 2648 non
2125 2582 2356 2663 fuisse,
2430 2602 2578 2650 cum
2653 2586 3225 2669 sexagesimarum

654 2689 858 2757 titulis
904 2690 1192 2756 testibus
1261 2690 1465 2757 multa
1523 2691 1783 2756 minora
1834 2687 2259 2759 Chalcidicae
2331 2693 2603 2776 oppida,
2676 2694 2901 2759 omnia
2974 2706 3223 2779 magna

653 2795 1074 2866 Chalcidicae
1125 2798 1377 2881 oppida
1422 2796 1663 2863 fuerint
1712 2796 2240 2879 Atheniensium,
2292 2799 2493 2865 statui
2547 2817 2681 2866 non
2733 2804 2890 2884 pote
2933 2804 2977 2867 t.

867 2902 1057 2982 Quae
1117 2922 1265 2971 cum
1326 2906 1411 2971 ita
1469 2906 1601 2971 sint
1652 2902 2035 2972 Chalidicae
2094 2907 2391 2973 civitates
2439 2910 2614 2975 certe
2664 2817 2985 2987 tredir
3032 2900 3227 2972 αὐταὶ

654 3008 762 3077 τὸν
808 3008 1008 3098 φόρον
1053 3007 1398 3094 ταξάμεναι
1443 3011 1662 3080 factae
1712 3013 1863 3092 sint,
1916 3031 2050 3078 non
2096 3013 2280 3080 aliter
2324 3013 2636 3099 explicari
2673 3019 2896 3099 potest
2930 3016 3054 3083 nisi
3094 3013 3225 3083 hoc

655 3120 885 3185 modo:
937 3122 1090 3187 sunt
1125 3120 1247 3188 hae
1281 3120 1597 3201 civitateS‚
1643 3121 2028 3205 priusquam
2086 3113 2271 3185 αὐταὶ
2305 3117 2653 3205 ταξάμεναι
2702 3123 2893 3206 fiunt,
2944 3123 3225 3191 clientes

654 3229 976 3293 maiorum
1035 3229 1389 3306 civitatum,
1449 3246 1621 3312 quae
1681 3232 1743 3295 et
1808 3246 2001 3295 suum
2060 3233 2124 3296 et
2183 3228 2515 3296 clientium
2573 3231 2880 3296 tributum
2932 3230 3221 3299 solvunt.

653 3335 813 3402 Post
868 3354 1111 3402 annum
1169 3336 1291 3402 441
1358 3337 1641 3419 primum
1712 3337 1834 3403 hae
1903 3338 2208 3404 civitates
2266 3338 2574 3416 maiores,
2635 3356 2783 3403 cum
2842 3338 3022 3405 dicto
3085 3357 3223 3406 non

653 3443 942 3523 audiant,
1027 3444 1111 3511 ita
1188 3444 1547 3528 puniuntur
1615 3445 1700 3511 ab
1767 3443 2311 3523 AtheniensibuS,
2394 3450 2462 3512 ut
2544 3448 2834 3513 minores
2917 3447 3226 3513 civitates

654 3551 1016 3618 maioribus
1074 3551 1407 3619 obnoxiae
1466 3589 1549 3597 —
1609 3555 1671 3618 et
1734 3570 1870 3632 eae,
1930 3570 2100 3636 quas
2159 3554 2480 3619 maiorum
2544 3555 2880 3621 civitatum
2931 3554 3224 3639 legitime

653 3676 803 3726 csse
877 3661 1097 3744 negari
1172 3661 1411 3743 possit,
1485 3697 1568 3705 —
1627 3658 2129 3727 Atheniensium
2202 3662 2498 3745 ipsorum
2571 3663 2795 3728 sociae
2865 3662 3035 3729 fiant
3105 3680 3227 3747 per

665 3810 1075 3820 b—-a—-n———m

866 3895 913 3947 3.
955 3890 1121 3961 Apud
1163 3889 1508 3960 Stephanum
1529 3891 1764 3962 Byzant.
1806 3906 1836 3947 s
1876 3907 1927 3946 v.
1969 3890 2208 3947 Αἷόλειον
2247 3908 2350 3962 pro
2376 3892 2606 3965 Ἀττικῆς
2628 3894 2805 3965 Άκτῆς
2841 3897 2930 3950 est
2966 3893 3226 3952 scriben-

653 3979 804 4046 dum,
844 3995 969 4036 cum
1010 3980 1269 4037 Aeolium
1328 3980 1897 4038 Chalcidensium
1951 3982 2225 4052 oppidum
2264 3982 2447 4038 fuisse
2487 3984 2719 4040 dicatur.
2798 3982 3062 4054 Corrigo;
3122 3984 3223 4057 (cf.

650 4071 824 4128 Thuc.
867 4071 956 4127 lV.
1002 4076 1118 4127 109.
1158 4071 1222 4126 V.
1264 4074 1381 4138 35,1
1424 4085 1592 4141 quem
1633 4072 1821 4127 locum
1862 4071 2184 4128 Meinekius
2226 4072 2595 4144 emendavit.)
2674 4073 2840 4143 Apud
2882 4073 3224 4146 Steph.Byz

655 4161 839 4216 adhuc
880 4159 1137 4232 Βοττικῆς
1172 4161 1474 4217 coniciunt.

864 4254 914 4305 4.
953 4251 1195 4306 Milcorii
1253 4251 1307 4305 in
1365 4249 1773 4307 Chalcidica
1827 4250 2106 4306 habitant:
2166 4248 2357 4320 Steph.
2418 4252 2584 4321 Byz.:
2644 4250 2936 4324 Χαλκιδικὴ
2975 4255 3131 4317 πόλις
3169 4259 3229 4310 ἐν

656 4338 853 4412 θρᾴκῃ.
931 4340 1116 4409 Prope
1156 4340 1491 4396 Maroneam
1549 4343 1645 4397 aut
1703 4354 1885 4409 prope
1934 4338 2151 4394 Aenum
2191 4338 2491 4396 Milcorios
2541 4341 2838 4397 habitasse
2883 4358 2914 4398 e
2962 4344 3128 4399 titulo
3174 4345 3222 4403 C

650 4430 692 4501 J.
735 4428 800 4484 A.
841 4430 876 4484 l.
916 4433 1021 4484 ⁶242
1062 4430 1217 4485 nullo
1258 4430 1434 4486 modo
1475 4430 1745 4499 sequitur.
2327 4454 2332 4460 ·
