3426 5306
1602 512 2025 578 ...54-

556 724 609 783 Ε
642 720 910 806 littera‚)
986 721 1094 785 hic
1159 716 1388 785 titulus
1459 720 1612 784 anni
1690 723 1790 784 est
1825 705 2044 784 'unius
2094 736 2173 783 ex
2223 719 2535 784 extremis
2584 719 2735 785 belli
2788 716 3129 805 Pelopon-

551 829 797 894 nesiaci
871 829 1091 893 annis:
1167 844 1319 892 nam
1394 828 1459 891 in
1534 825 1873 891 nonnullis
1922 826 2126 891 titulis
2173 823 2408 891 Atticis
2459 827 2587 891 iam
2637 810 2857 893 multis
2904 828 3129 895 lustris

553 936 705 1001 ante
756 934 1093 1000 Euclidem
1144 934 1525 999 archontem
1578 932 1939 998 nonnullae
1979 936 2055 994 H
2097 933 2343 998 litterae
2390 934 2692 999 vocalem
2745 934 3128 1018 significant

547 1042 799 1128 Jonicis
872 1043 1103 1109 litteris
1176 1043 1447 1106 utuntur
1524 1038 1908 1123 lapicidae.⁵
2000 1037 2133 1107 Sed
2204 1039 2645 1124 fragmentum
2708 1039 2781 1109 C.
2843 1040 2894 1126 J.
2947 1042 3026 1107 A.
3080 1043 3120 1108 l.

548 1150 699 1228 258,
775 1152 829 1216 si
882 1168 1016 1214 non
1089 1149 1611 1215 recentissimum
1685 1149 2255 1230 sexagesimarum
2306 1147 2588 1227 titulum.
2651 1151 2869 1215 tamen
2920 1168 3124 1215 unum

552 1276 587 1323 e
657 1257 1128 1322 recentissimis
1201 1254 1353 1320 belli
1401 1253 1539 1319 fere
1590 1250 1960 1320 Siciliensis
2030 1257 2401 1338 temporum
2469 1272 2618 1321 esse
2669 1255 3124 1335 concedimus,

555 1382 700 1429 cum
775 1366 840 1429 in
920 1363 1104 1428 nullo
1174 1363 1308 1428 alio
1357 1363 1924 1445 sexagesimarum
1976 1361 2167 1427 titulo
2232 1361 2430 1427 nobis
2479 1366 2745 1428 servato
2795 1366 2873 1425 H
2915 1362 3127 1429 littera

550 1472 853 1538 vocalem
905 1465 1282 1555 significet.⁶

764 1595 982 1674 Ann0‚
1057 1597 1247 1661 cuius
1296 1598 1395 1660 est
1440 1594 1879 1678 fragmentum
1933 1592 2007 1662 C.
2056 1593 2108 1679 J.
2161 1592 2235 1658 A.
2293 1595 2334 1659 l.
2386 1594 2538 1672 258,
2602 1595 2774 1660 duae
2823 1598 3126 1663 civitates

553 1704 1050 1787 Hellespontiae
1121 1702 1268 1768 aliis
1316 1701 1820 1767 Atheniensium
1893 1700 2381 1785 magistratibus
2449 1702 2687 1768 tributa
2735 1703 2913 1779 dant,
2990 1721 3123 1768 non

561 1810 1084 1876 Hellenotamiis.
1185 1807 1373 1874 Duae
1441 1810 1742 1875 civitates
1813 1808 2121 1874 insularis
2195 1810 2581 1892 provinciae
2629 1812 2692 1875 et
2739 1809 2911 1875 duae
2962 1811 3125 1876 civi-

550 1922 718 1984 tates
791 1917 1291 2001 Hellespontiae
1366 1934 1491 1982 suo
1563 1919 1864 1999 tempore
1932 1916 2173 1981 tributa
2244 1934 2378 1981 non
2450 1916 2741 1982 solvunt.
2862 1917 3121 1983 Novem

549 2029 803 2091 tantum
882 2025 1180 2090 civitates
1258 2022 1761 2107 Hellespontiae
1836 2024 2221 2107 provinciae
2299 2041 2427 2089 suo
2506 2027 2806 2107 tempore
2884 2024 3124 2090 tributa

552 2132 838 2198 solvunt.

767 2257 935 2322 Nam
1002 2257 1231 2323 titulus
1281 2254 1356 2325 C.
1405 2256 1456 2341 J.
1507 2254 1581 2321 A.
1634 2255 1675 2333 l,
1728 2256 1859 2322 258
1909 2257 2230 2339 plenum
2282 2256 2668 2322 laterculum
2722 2256 3122 2340 Hellespon-

549 2367 781 2431 tiarum
852 2366 1187 2430 civitatum
1247 2364 1375 2429 hoc
1434 2381 1616 2428 anno
1666 2363 1901 2429 tributa
1950 2363 2351 2430 solventium
2404 2364 2694 2429 exhibet:
2769 2368 2832 2428 et
2880 2367 3123 2447 poten-

468 2506 469 2511 =
550 2472 947 2538 tissimarum
999 2473 1330 2537 civitatum
1368 2469 1974 2554 Hellespontiarum
2009 2470 2143 2535 fere
2179 2472 2472 2535 omnium
2524 2471 2796 2536 nomina
2829 2472 2893 2536 in
2929 2471 3121 2537 titulo

555 2575 628 2644 C.
654 2579 707 2665 J.
736 2577 810 2643 A.
843 2579 882 2644 1.
919 2579 1051 2645 258
1079 2578 1488 2657 exhibentur,
1541 2580 1602 2643 et
1625 2576 1849 2644 titulus
1883 2575 1956 2644 C.
1983 2576 2034 2663 J.
2058 2576 2134 2642 A.
2165 2578 2205 2643 l.
2236 2579 2356 2644 261
2416 2579 2686 2662 plenum
2741 2578 3120 2644 laterculum

553 2685 1149 2770 Hellespontiarum
1219 2687 1549 2752 civitatum
1622 2703 1802 2750 anno
1850 2685 2011 2751 tituli
2066 2683 2139 2752 C.
2189 2685 2241 2770 J.
2293 2684 2368 2750 A.
2422 2685 2463 2751 Ι.
2515 2686 2634 2751 261
2694 2684 2932 2751 tributa
2982 2687 3120 2752 sol-

550 2795 840 2859 ventium
915 2793 1175 2859 exhibet
1247 2812 1464 2876 neque
1537 2793 1764 2877 plures
1836 2796 1990 2859 sunt
2057 2810 2257 2876 quam
2308 2798 2439 2858 tres
2501 2794 2826 2871 civitates;
2901 2811 3122 2876 neque

549 2900 776 2968 titulus
828 2898 882 2967 C
951 2900 1002 2985 J.
1055 2899 1129 2965 A.
1185 2900 1223 2965 l.
1277 2901 1396 2966 261
1455 2901 1866 2984 temporibus
1915 2901 2213 2966 exeuntis
2261 2900 2415 2965 belli
2453 2898 2784 2965 Deceleici
2834 2900 3118 2965 adscribi

553 3011 792 3092 potest,
866 3025 1013 3072 cum
1086 3007 1309 3073 titulus
1360 3005 1432 3075 C.
1490 3007 1542 3093 J.
1595 3006 1669 3072 A.
1725 3008 1767 3073 l.
1840 3007 1973 3073 258
2046 3008 2197 3073 huic
2267 3008 2547 3091 tempori
2621 3007 2908 3072 adscribi
2985 3026 3119 3073 non

553 3116 794 3198 possit.

765 3221 999 3289 Annus
1046 3222 1204 3289 tituli
1232 3221 1305 3291 C.
1355 3222 1406 3307 J.
1458 3221 1534 3287 A.
1589 3223 1630 3287 l.
1682 3222 1816 3289 258
1864 3223 2183 3306 temporis
2233 3226 2331 3288 est
2380 3239 2659 3307 magnae
2709 3223 3116 3301 calamitatis

766 3512 815 3561 5.
856 3523 908 3561 v.
973 3522 1058 3561 ex.
1126 3522 1204 3576 gr.
1262 3505 1760 3562 Meisterhansium
1820 3505 2175 3563 Grammatik
2240 3505 2341 3560 der
2397 3505 2632 3561 Attisch.
2698 3505 3001 3562 lnschrift.³
3064 3521 3117 3577 p.

551 3601 600 3652 4.
744 3639 755 3651 .
800 3599 880 3651 17.

642 3599 741 3652 nm
765 3692 812 3741 6.
852 3686 1111 3754 Xenoph.
1155 3685 1291 3740 l-lell.
1333 3685 1367 3739 l.
1406 3687 1494 3750 3,9
1535 3686 1598 3741 cl.
1639 3685 1815 3741 Thuc.
1858 3684 1924 3739 V.
1969 3689 2086 3749 18,5
2146 3685 2221 3740 ita
2278 3683 2693 3754 interpretatuS,
2752 3690 2811 3740 ut
2869 3701 2978 3755 ego
3022 3701 3122 3742 ex-

552 3776 717 3845 plic0,
777 3776 990 3831 titulum
1033 3775 1093 3831 C.
1135 3775 1179 3846 J.
1222 3774 1283 3829 A.
1327 3775 1360 3829 l.
1402 3780 1522 3839 258,
1583 3776 1739 3844 quod
1780 3774 1967 3843 Abydi
2026 3787 2231 3828 nomen
2289 3774 2553 3829 exhibeat
2607 3775 2756 3830 nulla
2815 3776 3122 3831 vicesimae

508 3864 513 3869 ’
553 3866 835 3944 mentione
892 3864 1058 3929 facta,
1119 3878 1267 3918 anno
1307 3866 1507 3933 4l3s1‘2
1565 3864 1940 3933 antiquiorem
2000 3877 2133 3917 esse
2173 3863 2527 3943 demonstrat
2565 3864 2675 3918 iam
2714 3865 3024 3920 Belochius
3068 3865 3118 3919 in

552 3955 661 4012 illis
725 3954 1300 4009 commentationibus
1365 3954 1436 4008 de
1510 3952 1939 4008 Atheniensium
2004 3952 2080 4007 rei
2139 3953 2398 4022 publicae
2457 3954 2818 4021 pecuniarum
2884 3953 3122 4009 historia

450 4102 459 4110 ,
553 4045 781 4114 scriptis
840 4045 930 4099 die
970 4042 1428 4099 Bundessteuern
1491 4058 1631 4098 mus.
1690 4042 1861 4101 Rhen.
1922 4047 2005 4098 39.
2068 4046 2221 4106 1884,
2281 4057 2331 4111 p.
2391 4045 2476 4096 45.
2554 4041 2816 4099 Attamen
2874 4046 2929 4099 et
2983 4042 3123 4112 'post

552 4149 758 4190 annum
806 4138 939 4188 1884
980 4134 1171 4189 titulus
1223 4133 1285 4189 C.
1312 4133 1355 4204 J.
1388 4133 1452 4188 A.
1482 4134 1517 4188 1.
1547 4137 1650 4188 258
1689 4148 1723 4187 a
1764 4131 2019 4188 Busoltio
2061 4130 2286 4188 Griech.
2327 4130 2550 4187 Staats-
2577 4133 2702 4190 „und
2737 4131 3121 4191 Rechtsalter-

553 4228 733 4279 tiimer
777 4226 911 4278 1892
954 4221 1131 4292 (lwan
1172 4223 1376 4277 Miiller
1417 4222 1732 4277 Handbuch
1773 4221 1861 4276 lV.
1907 4226 1949 4275 1.
1995 4223 2063 4288 1.)
2104 4236 2155 4289 p.
2197 4225 2355 4285 ‘2945
2411 4220 2561 4275 falso
2585 4211 2680 4294 fut
2735 4225 2903 4276 antea
2941 4222 3120 4291 expli-

554 4317 715 4369 catus
773 4315 876 4367 est.
956 4313 1164 4381 ltaque,
1224 4325 1369 4380 quae
1426 4312 1550 4381 ipse
1609 4311 1861 4380 cognovi
1902 4309 2150 4365 Belochii
2208 4310 2683 4365 commentatione
2721 4312 2978 4366 nondum
3017 4311 3121 4367 ad-

553 4402 731 4460 hibita
774 4403 1036 4459 accurate
1072 4401 1354 4472 explicare
1394 4415 1506 4455 non
1546 4401 1620 4456 ab
1658 4413 1718 4457 re
1757 4399 1943 4455 visum
1982 4402 2084 4456 est.
