3426 5306
1300 615 1378 623 —
1471 568 1542 641 71
1641 614 1745 646 -r

250 804 495 868 siorum
587 802 914 867 civitatem
995 818 1126 867 una
1218 819 1364 867 cum
1451 798 1636 868 Chiis
1715 800 2046 867 defecisse
2125 802 2211 867 ab
2289 800 2810 869 Atheniensibus

250 909 516 975 silentio
567 928 700 974 non
740 910 1184 992 praeteriisset
1217 908 1672 992 ThucydideS,
1727 910 1836 992 qui
1888 909 2381 974 accuratissime
2413 910 2610 975 tradit
2646 909 2809 976 V111.
2870 943 2875 947 ·

248 1017 334 1082 35
393 1009 430 1103 ἡ
490 1015 557 1079 δὲ
628 1014 1052 1101 (Cnidiorum
1127 1015 1392 1103 civitas)
1464 1009 1840 1102 ἀφειστήκει
1910 1009 2031 1102 ἤδη
2103 1008 2232 1078 ὑπὸ
2310 1022 2806 1103 Τισσαφέρνους,

249 1122 409 1189 Vlll.
479 1125 622 1202 107,
680 1126 702 1189 l
784 1126 846 1186 οἱ
914 1127 983 1186 ἑν
1055 1122 1278 1211 Σηστῷ
1350 1116 1698 1209 Ἀθηναῖοι
1760 1121 2082 1186 ἐπέπλεον
2154 1120 2365 1208 (anno
2443 1124 2564 1189 411
2655 1127 2809 1207 post
2849 1199 2877 1228 ⁶

249 1248 542 1316 pugnam
592 1229 982 1316 Abydenam
1044 1232 1347 1314 primam)
1418 1234 1531 1293 ἐπὶ
1605 1227 1890 1308 Κύζικον
1957 1224 2405 1316 ἀφεστηκυῖαν.
2527 1231 2602 1297 Et
2675 1249 2809 1314 quo

248 1337 454 1403 modo
508 1336 717 1406 Chios
766 1338 1157 1422 Erythraeos
1209 1335 1675 1406 Clazomenios
1734 1342 1891 1404 tunc
1940 1337 2147 1424 (anno
2194 1335 2357 1423 412)
2405 1338 2490 1403 ab
2538 1336 2811 1404 Atheni-

250 1445 523 1511 ensibus
572 1445 898 1511 defecisse
948 1450 1358 1530 compertum
1415 1446 1639 1529 habuit
1671 1444 2122 1529 ThucydideS,
2174 1446 2260 1512 ita
2293 1448 2450 1511 tunc
2484 1445 2813 1528 Ephesios

247 1571 518 1636 quoque
566 1552 654 1617 ab
703 1551 1221 1619 Atheniensibus
1268 1553 1598 1619 defecisse
1647 1557 2062 1636 compertum
2115 1552 2481 1630 habuisset,
2542 1553 2595 1618 si
2655 1555 2810 1618 tunc

249 1660 656 1726 defecissent
707 1660 997 1742 Ephesii.

466 1766 956 1834 Themistocles
1034 1786 1071 1833 a
1147 1764 1424 1834 Graecis
1507 1768 1821 1833 omnibus
1908 1768 2227 1852 expulsus
2303 1768 2386 1832 ad
2468 1765 2808 1833 Persarum

247 1893 473 1959 regem
524 1875 791 1958 fugiens
840 1875 1171 1958 Ephesum
1223 1876 1533 1959 appellit:
1583 1858 1792 1940 Thuc.
1849 1875 1888 1940 Ι.
1950 1876 2092 1954 137,
2153 1874 2330 1941 unde
2385 1878 2540 1940 tunc
2591 1874 2810 1958 Ephe-

249 2000 396 2048 sum
451 1981 744 2047 nondum
793 1981 1294 2048 Atheniensium
1346 1982 1553 2048 fuisse
1603 1981 1957 2048 verisimile
2005 1980 2161 2048 fit.1⁸
2278 1980 2436 2047 Inde
2492 1982 2579 2046 ab
2627 1999 2808 2047 anno

247 2091 494 2157 4542‘53
543 2107 662 2173 per
711 2090 911 2155 multa
962 2090 1166 2175 lustra
1218 2108 1431 2174 usque
1479 2090 1562 2155 ad
1597 2088 2000 2155 Archidamii
2053 2090 2203 2156 belli
2254 2093 2555 2174 tempora
2589 2089 2809 2173 Ephe-

250 2215 368 2263 sus
417 2200 515 2262 est
561 2189 1071 2262 Atheniensium
1114 2200 1677 2282 sexagesimarum
1728 2197 1933 2263 titulis
1982 2198 2281 2263 testibus.
2403 2195 2564 2262 Post
2632 2215 2808 2282 pug-

252 2321 405 2372 nam
477 2305 561 2369 ad
636 2304 1189 2386 Eurymedontem
1274 2306 1701 2370 commissam
1776 2304 2019 2370 diutius
2091 2303 2395 2387 Ephesus
2463 2302 2807 2369 Persarum

247 2411 459 2477 fuisse
511 2429 645 2476 non
695 2414 794 2477 est
842 2410 1281 2478 statuenda.19
1346 2449 1428 2457 —
1477 2410 1750 2477 Aestate
1795 2412 1926 2476 427
1976 2410 2244 2477 Alcidas
2301 2429 2512 2496 prope
2562 2411 2807 2494 Ephesi

155 2588 159 2591 Α
250 2522 514 2603 portum
565 2536 848 2584 ancoras
897 2520 1073 2585 iacit:
1125 2518 1331 2584 Thuc.
1385 2519 1484 2585 lll.
1537 2520 1642 2585 32.
1696 2520 1801 2584 33.
1915 2517 2226 2584 Attamen
2279 2518 2583 2602 Ephesus
2653 2522 2809 2584 tunc

249 2630 351 2694 est
399 2625 932 2695 Atheniensium:
1007 2644 1159 2693 vere
1232 2627 1426 2693 huius
1483 2628 1636 2693 anni
1684 2627 1816 2693 427
1868 2626 2134 2711 Ephesii
2186 2626 2451 2693 solitum
2501 2627 2806 2693 tributum

251 2736 518 2800 solvunt
568 2733 642 2802 C.
691 2734 742 2819 J.
793 2733 867 2799 A.
921 2736 962 2800 l.
1015 2736 1160 2801 256.
1264 2732 1329 2801 Si
1382 2736 1624 2800 deinde
1674 2738 1926 2800 aestate
1982 2736 2135 2800 anni
2186 2735 2317 2799 427
2371 2734 2637 2817 Ephesii
2689 2735 2809 2799 de-

247 2842 562 2908 fecissent
609 2842 696 2906 ab
747 2841 1279 2921 AtheniensibuS,
1329 2841 1756 2926 Thucydides
1805 2842 1870 2906 id
1918 2842 2315 2920 tradidisset,
2389 2843 2554 2907 sicut
2605 2839 2809 2909 Colo-

250 2950 543 3032 phonem
595 2952 849 3014 aestate
896 2932 1030 3013 430
1078 2947 1420 3013 Persarum
1470 2949 1715 3014 factam
1769 2966 1919 3014 esse
1968 2949 2164 3014 tradit
2213 2948 2312 3013 lll.
2364 2948 2536 3027 34,1.
2633 2945 2808 3014 Sane

248 3060 316 3131 ἐς
365 3051 475 3142 τὴν
512 3049 783 3141 Ἔφεσον
830 3057 1291 3139 καθωρμίσατσ
1323 3053 1594 3120 Alcidas
1626 3055 1835 3120 ThUC.
1875 3056 1973 3121 Ill.
2010 3057 2117 3134 32,
2153 3057 2212 3133 2,
2264 3060 2549 3122 attamen
2588 3047 2809 3139 Ephe-

249 3180 366 3229 sus
424 3167 523 3229 est
577 3161 1097 3240 Atheniensium,
1147 3164 1313 3228 sicut
1363 3165 1609 3228 aestate
1647 3163 1768 3228 411
1813 3166 2099 3247 ἑφῷρμει
2134 3165 2283 3228 ante
2319 3162 2495 3228 Eresi
2547 3166 2806 3246 portum

248 3269 657 3355 ThrasylluS,
708 3273 778 3335 ut
825 3270 1093 3335 Eresum
1145 3270 1486 3352 oppidum,
1539 3270 1720 3351 quod
1770 3268 2096 3335 defecerat
2144 3270 2227 3335 ab
2269 3269 2806 3349 AtheniensibuS,

247 3380 683 3467 expugnaret:
733 3376 937 3442 Thuc.
991 3375 1150 3443 Vlll.
1211 3377 1352 3442 100.
1408 3414 1488 3422 —
1542 3375 1747 3440 Etiam
1800 3381 1953 3459 post
2000 3395 2242 3442 annum
2291 3378 2421 3442 427
2473 3377 2804 3460 Ephesum

248 3484 748 3551 Atheniensium
809 3485 1013 3550 fuisse
1071 3487 1346 3568 apparet
1396 3501 1430 3548 e
1479 3483 1850 3566 fragmento
1897 3482 1949 3568 J.
2003 3482 2083 3549 G.
2136 3483 2212 3548 A.
2267 3484 2307 3549 Ι.
2360 3484 2578 3568 suppl.
2633 3503 2808 3549 num.

247 3594 380 3658 272
407 3611 463 3657 a.
562 3593 675 3658 Est
732 3594 927 3658 etiam
986 3611 1163 3658 anno
1212 3592 1345 3658 416
1394 3592 1698 3674 Ephesus
1748 3589 2249 3656 Atheniensium
2321 3592 2596 3657 testibus
2648 3589 2809 3675 [An-

251 3744 665 3755 ——-—-——

245 3824 521 3894 cognovit
562 3822 967 3893 l-lolzapfelius,
1027 3838 1079 3877 v.
1119 3837 1165 3878 e.
1204 3838 1284 3892 gr.
1323 3821 1672 3877 Prenzelium
1721 3821 1754 3876 l.
1794 3836 1841 3876 c.
1882 3837 1936 3891 p.
1975 3825 2039 3876 21
2084 3835 2212 3891 sqq.
2286 3820 2577 3876 Accedunt
2633 3823 2808 3877 multa

246 3915 374 3978 alia,
434 3929 528 3969 cur
584 3913 782 3968 librum
823 3912 953 3967 Vlll.
996 3913 1331 3981 perpolitum
1372 3927 1505 3967 esse
1546 3926 1835 3981 negemus.
1911 3910 2081 3976 Quod
2121 3911 2231 3965 iam
2270 3911 2481 3965 dudum
2521 3912 2804 3980 cognitum

245 4007 383 4068 erat,
421 4004 691 4071 Meyerus
731 4002 958 4058 Forsch.
998 4019 1045 4056 z.
1096 4003 1244 4057 alten
1283 4001 1627 4059 Geschichte
1667 3999 1725 4055 ll.
1764 4004 1869 4055 406
1907 4014 2034 4071 sqq.
2076 4002 2319 4069 negarat,
2378 4013 2543 4069 quem
2585 4014 2806 4055 errasse

246 4108 396 4151 nunc
435 4094 787 4148 demonstrat
824 4090 1147 4146 Prenzelius
1187 4092 1587 4147 dissertatione
1626 4092 1812 4147 citata.

468 4185 546 4236 18.
586 4180 789 4237 Statuit
851 4180 1121 4249 Meyerus
1183 4179 1527 4237 Geschichte
1591 4181 1695 4236 des
1760 4179 2068 4236 Altertums
2125 4178 2207 4235 lll.
2264 4177 2304 4249 ξ
2360 4176 2481 4233 288.
2515 4178 2607 4233 cf.
2667 4178 2807 4235 infra

245 4274 550 4396 dlspmaltg.
592 4341 709 4397 Hac
771 4356 1000 4410 quoque
1059 4342 1130 4396 de
1187 4355 1366 4397 causa
1403 4342 1825 4397 Themistocles
1865 4341 2066 4396 Naxii
2126 4340 2254 4395 belli
2294 4339 2408 4394 fere
2457 4341 2711 4409 tempore
2752 4340 2805 4394 5¹¹

245 4434 444 4489 Asiam
486 4431 809 4500 profugisse
850 4431 1184 4485 statuendus
1223 4435 1335 4485 est:
1375 4429 1551 4485 Thuc.
1594 4430 1631 4485 1.
1676 4436 1791 4485 137.
