3426 5306
248 776 552 858 possunt.
660 772 851 840 Unde
908 773 1036 839 hoc
1090 771 1361 840 alterum
1420 790 1663 841 census
1720 773 2051 840 decretum
2102 774 2393 839 omnium
2456 774 2686 839 horum
2736 773 2820 839 de

242 883 503 948 tributis
575 880 918 948 solvendis
996 881 1412 947 decretorum
1490 882 1928 947 novissimum
1982 881 2215 959 fuisse,
2310 881 2491 964 quod
2551 881 2817 958 exstitit,

246 993 529 1073 apparet
601 990 639 1054 i.
715 1006 769 1055 e.
821 992 1196 1073 temporum
1244 989 1382 1055 fere
1436 989 1585 1055 belli
1670 987 2034 1056 Siciliensis
2112 992 2223 1055 aut
2299 989 2477 1055 brevi
2530 990 2817 1073 priorum

246 1100 651 1181 temporum3
725 1094 909 1182 (inde
977 1096 1062 1162 ab
1133 1114 1310 1162 anno
1383 1098 1517 1163 413
1565 1096 2070 1162 Atheniensium
2143 1097 2308 1163 socii
2377 1114 2500 1180 pro
2566 1098 2822 1163 tributis

246 1205 604 1271 vicesimas
681 1203 997 1290 solvunt.)
1094 1202 1293 1283 Quod
1373 1205 1731 1284 decretum,
1825 1205 1879 1271 si
1961 1204 2114 1269 inde
2194 1205 2278 1269 ab
2356 1220 2532 1269 anno
2575 1204 2821 1285 425124

247 1312 678 1395 quinquennii
740 1312 907 1377 ordo
967 1329 1281 1378 censuum
1332 1316 1630 1378 servatus
1678 1313 1780 1391 sit,
1843 1312 1995 1377 anni
2048 1313 2129 1378 sit
2174 1312 2440 1377 417116.
2537 1309 2668 1378 Sed
2719 1312 2822 1378 his

247 1420 664 1503 temporibus
713 1420 886 1485 hunc
934 1420 1229 1485 ordinem
1281 1436 1545 1504 semper
1592 1424 1921 1486 servatum
1972 1436 2123 1486 esse
2169 1421 2283 1484 vix
2332 1419 2524 1485 statui
2570 1422 2817 1503 potest:

248 1544 468 1611 neque
537 1528 600 1593 in
662 1525 907 1596 Crateri
967 1528 1131 1593 libro
1201 1546 1402 1606 nono,
1476 1545 1621 1593 cum
1682 1529 1835 1593 insit
1892 1528 1957 1592 in
2017 1526 2186 1593 libro
2243 1528 2431 1593 tertio
2486 1527 2817 1593 decretum

246 1636 402 1727 anni
436 1635 699 1718 443142,
753 1638 815 1701 et
864 1637 1015 1700 anni
1049 1636 1296 1722 417s16
1344 1639 1406 1701 et
1440 1637 1592 1701 anni
1627 1638 1749 1701 411
1794 1635 2055 1702 decreta
2089 1635 2367 1701 infuisse
2400 1635 2816 1700 statuendum

247 1747 372 1820 est,
455 1761 600 1808 cum
681 1747 967 1809 statuere
1046 1761 1179 1809 non
1261 1761 1537 1810 necesse
1617 1744 1731 1809 sit:
1815 1744 1947 1808 imo
2028 1743 2157 1807 hoc
2226 1742 2504 1809 alterum
2578 1760 2819 1809 census

246 1851 583 1916 decretum
642 1852 796 1916 anni
845 1850 1090 1923 415114
1146 1854 1255 1916 aut
1298 1852 1557 1935 ,414113
1619 1868 1770 1917 esse
1826 1851 1960 1916 veri
2024 1854 2123 1917 est
2173 1849 2404 1916 simile.
2512 1847 2816 1928 Quocum

252 1959 503 2042 optime
555 1959 880 2044 congruit,
930 1959 1113 2041 quod
1158 1976 1338 2024 anno
1372 1959 1621 2043 425124
1653 1958 2133 2043 Nymphaeitae
2182 1958 2336 2023 duo
2381 1958 2627 2023 talenta
2660 1959 2815 2026 dare

248 2065 555 2131 iubentur
613 2064 689 2135 C.
747 2066 801 2151 J.
862 2065 937 2131 A.
994 2066 1038 2132 1.
1099 2068 1203 2147 37,
1265 2067 1393 2132 hoc
1454 2064 1702 2135 Crateri
1790 2066 2056 2132 decreto
2105 2065 2312 2132 altero
2361 2069 2524 2132 teste
2585 2084 2813 2132 unum

244 2175 499 2240 tantum
547 2173 892 2252 talentum3
955 2211 1036 2220 —
1098 2192 1231 2239 non
1281 2177 1402 2251 est,
1454 2192 1569 2240 cur
1644 2166 2029 2259 Ἀθηναίοις
2102 2169 2172 2235 τὸ
2218 2168 2571 2258 Νύμφαιον
2615 2172 2818 2236 ἐτέλει

247 2275 552 2344 τάλαντον
599 2280 1190 2365 Harpocrationem
1236 2279 1409 2346 falso
1452 2299 1495 2350 ,e
1539 2278 1815 2347 Cratero
1865 2281 2235 2362 sumpsisse
2284 2283 2679 2359 statuamus;
2730 2317 2813 2326 —

248 2388 715 2454 nonnullarum
776 2388 1108 2454 civitatum
1166 2388 1406 2453 tributa
1462 2405 1641 2452 anno
1691 2388 1939 2458 425124
1989 2388 2237 2453 censita
2285 2391 2524 2470 postea
2572 2389 2817 2454 minuta

244 2495 421 2562 esse'
457 2515 492 2562 e
546 2495 750 2562 titulis
799 2493 877 2562 C.
923 2496 975 2581 J.
1026 2494 1103 2560 A.
1156 2494 1199 2561 Ι.
1249 2494 1399 2572 258,
1450 2496 1584 2561 260
1630 2494 1819 2580 (anni
1878 2492 2184 2579 421s20.)
2243 2495 2392 2561 261.
2453 2496 2603 2561 262.
2661 2496 2814 2562 263.

240 2603 292 2689 J.
361 2601 443 2671 G.
505 2602 580 2669 A.
642 2603 684 2669 1.
748 2603 969 2687 suppl.
1028 2603 1160 2669 272
1184 2601 1228 2668 f.
1288 2607 1583 2687 apparet,
1652 2603 1762 2688 qui
1825 2619 2061 2669 omnes
2114 2601 2275 2668 tituli
2336 2620 2514 2669 anno
2569 2603 2817 2678 425124

246 2713 650 2778 recentiores
698 2715 870 2777 recte
919 2712 1264 2778 habentur.

462 2819 923 2904 Nymphaeum
992 2819 1112 2904 frg.
1190 2819 1267 2884 12
1346 2823 1408 2885 et
1480 2814 1785 2905 Ἀρταίου
1833 2825 2038 2899 τεῖχος
2115 2822 2229 2881 ἐπὶ
2307 2817 2424 2881 τῶι
2499 2814 2817 2884 Ρύνὸακι9

242 2927 369 3012 frg.
452 2928 529 2992 13
596 2926 1088 3008 Hellespontiae
1162 2931 1315 2992 sunt
1386 2928 1798 3009 provinciae:
1873 2931 2215 3010 utrumque
2288 2928 2613 3011 oppidum
2687 2929 2814 2993 iam

126 3076 131 3079 ,
244 3052 426 3100 anno
475 3032 727 3118 425124
786 3030 895 3119 (C.
944 3032 995 3116 J.
1043 3031 1120 3097 A.
1173 3032 1213 3097 l.
1262 3030 1378 3118 37)
1428 3037 1749 3099 censetur.
1856 3034 2299 3117 Lepsimandii
2350 3033 2472 3120 frg.
2532 3036 2611 3100 14
2660 3040 2816 3118 post

243 3159 490 3206 annum
540 3138 791 3226 440139
836 3140 1106 3225 Jonicae
1165 3144 1317 3207 sunt
1368 3141 1774 3223 provinciae.
1877 3138 2154 3207 Solvunt
2206 3142 2647 3225 Lepsimandii
2702 3161 2815 3209 us-

242 3267 374 3332 que
442 3249 526 3314 ad
593 3265 836 3313 annum
893 3248 1145 3334 440139
1200 3249 1559 3332 quotannis
1617 3248 1929 3332 legitume
1990 3265 2179 3313 suum
2238 3249 2550 3315 tributum
2609 3250 2815 3317 titulis

242 3357 810 3441 sexagesimarum
879 3356 1179 3433 testibuS‚
1248 3393 1331 3401 —
1401 3359 1552 3420 sunt
1621 3357 1815 3421 annis
1871 3353 2467 3441 443142-440139
2543 3355 2812 3426 Caricae

244 3464 651 3548 provinciae,
713 3501 795 3509 —
855 3463 1096 3529 deinde
1144 3481 1261 3546 per
1320 3461 1570 3545 aliquot
1640 3480 1857 3528 annos
1907 3481 2040 3527 non
2091 3468 2242 3529 sunt
2289 3462 2812 3542 Atheniensium,

243 3572 486 3637 deinde
541 3571 595 3655 J,
654 3568 734 3638 G.
791 3571 866 3637 A.
928 3571 969 3636 1.
1034 3571 1255 3655 suppl.
1305 3572 1437 3636 272
1471 3588 1516 3655 g
1573 3572 1800 3636 iterum
1850 3569 2351 3637 Atheniensium
2414 3576 2565 3637 sunt
2625 3574 2809 3638 socii.

246 3678 515 3757 Quibus
573 3679 657 3745 de
716 3680 936 3745 causis
988 3679 1608 3763 Lepsimandiorum
1672 3696 1916 3744 nomen
1979 3680 2044 3742 in
2094 3678 2368 3762 jonicae
2428 3680 2811 3762 provinciae

244 3786 564 3853 laterculo
613 3786 784 3852 tituli
829 3784 904 3855 C.
953 3786 1006 3871 J.
1057 3785 1132 3851 A.
1184 3786 1228 3851 1.
1280 3786 1365 3851 37
1414 3790 1513 3852 est
1563 3785 2034 3870 supplendum.

462 3892 706 3961 Crateri
778 3893 898 3979 frg.
972 3896 1032 3972 3,
1107 3912 1253 3959 cum
1324 3887 1540 3959 adhuc
1612 3912 1745 3960 non
1816 3897 2090 3972 constet,
2161 3896 2340 3978 apud
2400 3892 2810 3979 Stephanum

242 4002 631 4088 Byzantium
691 4006 901 4068 utrum
954 4008 1014 4064 Γ
1061 4020 1145 4068 an
1199 4004 1257 4064 Θ
1310 4003 1393 4069 sit
1441 4002 1767 4080 traditum,
1826 4001 2042 4067 adhuc
2092 4003 2425 4069 nescimus
2474 4004 2679 4069 utrius
2728 4004 2812 4079 sit

240 4112 660 4177 decretorum
740 4128 778 4175 a
858 4108 1129 4179 Cratero
1208 4110 1574 4176 allatorum.
1711 4110 1825 4177 Est
1902 4109 2229 4196 Tyrodiza
2309 4109 2811 4193 Hellespontiae

241 4219 655 4303 provinciae:
772 4215 847 4286 C.
905 4218 957 4303 J.
1009 4217 1084 4283 A.
1145 4217 1187 4282 1.
1250 4220 1333 4284 37
1394 4218 1474 4285 cl.
1535 4218 1685 4285 540.
1801 4216 2106 4296 Quocum
2167 4218 2418 4300 optime
2479 4220 2806 4302 congruit,

255 4353 665 4363 --—-——-———-

491 4437 542 4486 9.
584 4430 677 4487 Sic
714 4431 972 4487 fluminis
1012 4446 1218 4487 nornen
1257 4433 1485 4487 exhibet
1525 4432 1721 4486 titulus
1761 4430 1821 4486 C.
1861 4430 1906 4502 J.
1946 4428 2011 4484 A.
2052 4431 2089 4484 Ι.
2129 4432 2214 4485 37.
