3426 5306
1319 555 1744 629 —11—

245 774 538 847 Crithote
590 775 828 846 Cardia
888 775 1129 861 Pactye
1178 775 1448 858 Ephoro
1505 778 1670 842 teste
1730 772 1937 861 (apud
1987 775 2370 860 Harpocrat.
2426 792 2477 841 s.
2528 794 2589 840 v.
2642 773 2803 860 Κρι-

243 882 433 973 θοίτη
470 914 550 942 ---
587 885 829 970 Ephor.
877 875 999 969 fr'g.
1049 884 1136 949 72
1183 883 1276 948 Μ.
1329 887 1390 949 et
1428 883 1604 967 apud
1642 880 2050 969 [Scymnum]
2085 883 2459 962 698—702,
2509 883 2807 969 711s12).

243 995 478 1078 Neque
527 988 801 1060 dubitari
853 995 1075 1077 potest
1120 993 1277 1075 quin
1322 986 1654 1065 Νεάπολις
1697 984 1810 1054 ἀπ’
1879 984 2183 1076 Ἀθηνῶν
2230 988 2337 1076 (C.
2369 990 2423 1074 J.
2459 989 2535 1056 A.
2575 991 2617 1059 1.
2654 991 2806 1073 230,
2863 1074 2866 1077 Α

243 1103 394 1181 238,
444 1103 577 1168 240
626 1128 706 1159 z:
758 1096 1088 1174 Νεάπολις
1146 1095 1323 1183 παρὰ
1372 1094 1783 1185 Χερρόνησον
1831 1097 1906 1168 C.
1954 1098 2007 1182 J.
2058 1097 2135 1164 A.
2189 1099 2230 1165 Ι.
2281 1099 2365 1165 37
2413 1098 2535 1182 frg.
2586 1097 2668 1183 Z)
2727 1101 2810 1165 sit

242 1208 742 1275 Atheniensium
793 1208 1056 1274 colonia
1109 1224 1282 1273 saec.
1334 1206 1439 1273 VI.
1493 1206 1839 1273 condita.¹2
2613 1205 2617 1209 ’

458 1318 693 1401 Neque
755 1315 1061 1385 Cardiani
1132 1334 1348 1400 neque
1409 1314 1767 1384 Crithotaei
1838 1333 2053 1398 neque
2114 1313 2517 1398 Pactyenses
2572 1314 2808 1380 tributa

246 1425 512 1491 solvunt
563 1426 1122 1509 sexagesimarum
1157 1424 1356 1490 titulis
1389 1424 1685 1490 testibus.
1783 1423 2172 1506 Neapolitas
2204 1423 2439 1488 tributa
2474 1421 2812 1488 solventes

247 1533 530 1599 colonos
575 1533 783 1599 fuisse
833 1537 1018 1599 estne
1068 1530 1532 1598 statuendum?

459 1640 656 1707 Anno
703 1639 907 1707 49:3¹³
954 1639 1192 1706 Persae
1230 1638 1632 1708 Chersonesi
1669 1640 1921 1723 oppida
1955 1639 2177 1705 omnia
2210 1641 2465 1721 praeter
2502 1636 2807 1706 Cardiam

248 1753 582 1833 occupant
639 1767 975 1833 agrosque
1034 1747 1534 1832 depopulantur
1591 1747 1831 1812 Herod.
1885 1746 1988 1812 VI.
2050 1747 2155 1812 33.
2209 1784 2291 1792 —
2343 1748 2504 1829 quin
2567 1744 2814 1814 Cardia

247 1946 531 2017 Megaclis
559 1960 694 2001 esse
720 1947 1029 2006 στασιώτας
1056 1948 1296 2014 apparet
1337 1943 1433 2015 (ci.
1463 1947 1533 1999 60
1559 1946 1611 1996 οἱ
1635 1949 1735 1997 τοῦ
1765 1941 2106 2014 Μεγακλέους
2143 1927 2495 2013 στασιῶται»
2536 1942 2583 1998 si
2612 1945 2807 1998 essent

248 2040 301 2090 οἱ
338 2044 635 2091 στασιῶται
673 2040 736 2090 61
771 2035 1007 2105 Lycurgi
1048 2042 1362 2102 στασιῶται,
1403 2037 1455 2087 οἱ
1493 2041 1793 2088 στασιῶται
1820 2034 1907 2089 hic
1949 2034 2096 2088 idem
2124 2032 2241 2088 fere
2270 2031 2612 2102 significaret
2649 2032 2807 2103 quod

248 2129 301 2180 οἱ
339 2128 578 2192 ἐναντίοι,
618 2126 674 2180 id
697 2126 853 2195 quod
880 2124 1091 2180 falsum
1122 2139 1254 2180 esse
1276 2125 1474 2180 elucet.
1555 2124 1718 2189 Quae
1747 2139 1873 2179 cum
1903 2124 1979 2179 ita
2008 2123 2136 2188 sint,
2176 2122 2459 2193 Megaclis
2499 2121 2815 2185 στασιώτας

247 2221 314 2271 61
357 2215 660 2286 significari
707 2215 895 2270 firmat
942 2214 1238 2284 Megacles
1286 2219 1355 2287 τῇ
1404 2216 1567 2267 στάσι
1615 2216 1751 2276 (non
1798 2218 1913 2274 τοῖς
1959 2218 2058 2265 τοῦ
2109 2210 2425 2283 Λυκούργου
2467 2215 2813 2276 στασιώταις)

252 2307 740 2377 περιελαυνόμενος
775 2309 858 2359 60.
955 2304 1103 2373 Ergo
1145 2304 1228 2358 sic
1278 2302 1396 2358 iere
1446 2302 1774 2357 Herodotus
1822 2305 1912 2357 est
1966 2302 2450 2372 interpretandus:
2508 2305 2623 2358 tres
2682 2306 2814 2359 sunt

249 2396 676 2453 Atheniensium
735 2396 945 2464 partes,
1004 2393 1442 2462 potentissimus
1499 2393 1615 2447 dux
1673 2394 1761 2447 est
1819 2390 2226 2448 Alcmeonides
2273 2391 2587 2462 Meg-acles,
2644 2408 2812 2462 quem

250 2487 487 2558 primum
537 2486 768 2554 superat
830 2483 1180 2548 Pisistratus,
1239 2484 1394 2552 quod
1452 2485 1571 2539 tres
1629 2486 1762 2539 sunt
1820 2485 2013 2551 partes
2072 2482 2291 2537 civium.
2387 2482 2550 2537 Nunc
2605 2481 2815 2538 foedus

250 2577 439 2632 ineunt
478 2575 777 2644 Magacles
819 2576 873 2628 et
914 2573 1231 2643 Lycurgus:
1274 2572 1606 2628 Pisistratus
1646 2573 1961 2642 expellitur.
2040 2571 2128 2627 Ab
2169 2573 2279 2627 hoc
2318 2573 2577 2641 tempore
2605 2570 2815 2642 Lycur-

253 2683 366 2739 gus
404 2667 459 2721 in
499 2666 755 2721 umbram
796 2664 1027 2730 recedit,
1067 2663 1369 2734 Megaeles
1409 2665 1498 2719 est
1537 2664 1818 2719 dominus,
1898 2661 2010 2718 Sed
2061 2660 2215 2725 αὖτις
2261 2666 2318 2717 ἐκ
2366 2666 2487 2734 νέης
2532 2662 2613 2716 ἐπ’
2655 2665 2816 2734 ἀλλή-

255 2759 391 2811 λοισι
430 2758 784 2810 ἐστασιάσανε
826 2753 967 2825 (quo
1009 2755 1143 2809 loco
1185 2756 1441 2823 amputat
1481 2753 1860 2809 narrationem
1902 2752 2231 2809 Herodotus
2280 2753 2428 2808 sicut
2474 2756 2540 2808 61
2583 2756 2647 2807 οὐ
2687 2754 2813 2807 πολ-

250 2849 327 2920 λῷ
367 2848 508 2918 λόγῳ
549 2844 757 2916 εἰπεῖν)
798 2844 1096 2914 Megacles
1153 2844 1368 2899 rixatus
1419 2859 1545 2899 cum
1595 2843 1716 2899 suis
1768 2843 1964 2898 amicis
2011 2843 2043 2896 i.
2085 2857 2130 2899 e.
2174 2842 2391 2899 Paralis
2440 2846 2496 2898 et
2554 2843 2816 2899 Pediacis

252 2936 570 2994 coniunctis
612 2934 912 2990 Pisistrato
972 2933 1149 2988 filiam
1208 2948 1441 2988 uxorem
1492 2934 1606 2999 dat,
1667 2932 2002 2989 Pisistratus
2059 2933 2216 2989 redit.
2312 2933 2459 2987 Tum
2516 2932 2815 3003 Megaeles

249 3028 498 3098 graviter
536 3041 570 3082 a
612 3025 913 3081 Pisistrato
963 3024 1159 3079 laesus
1207 3023 1351 3079 redit
1398 3023 1453 3077 in
1510 3024 1748 3092 gratiam
1790 3038 1915 3078 cum
1959 3022 2175 3079 Paralis
2217 3021 2617 3092 Pediacisque:
2673 3022 2815 3094 fugit

255 3117 588 3172 Pisistratus
617 3115 946 3185 priusquam
975 3114 1176 3170 iterum
1205 3113 1550 3182 expellatur:
1591 3111 1891 3184 (φοβηθεὶς
1917 3115 2237 3184 ἀμφοτέρας
2260 3116 2359 3175 τὰς
2397 3115 2619 3175 στάτεις
2656 3114 2812 3169 exhi-

252 3209 350 3263 bet
391 3205 736 3261 Aristoteles
777 3205 925 3259 male
964 3204 1368 3273 interpretatus
1417 3203 1795 3259 narrationem
1837 3202 2113 3259 Herodoti
2161 3208 2231 3257 60
2268 3203 2645 3275 amputatam)
2697 3206 2811 3258 tam

251 3299 599 3366 praepotens
640 3297 729 3351 est
769 3295 1082 3365 MegacleS.
1160 3294 1355 3363 ltaque
1406 3293 1645 3349 alterum
1699 3293 1925 3349 exilium
1982 3293 2045 3349 iit
2104 3293 2302 3349 decem
2353 3308 2644 3359 annorum,
2692 3296 2810 3349 tum

253 3401 444 3456 pugna
484 3389 572 3441 est
612 3385 993 3440 dimicandum
1034 3383 1350 3439 Pisistrat0.

468 3481 546 3531 12.
590 3475 886 3530 Busoltius
928 3471 1149 3531 Griech.
1193 3470 1401 3529 Gesch.
1446 3474 1533 3529 ll.2
1558 3477 1719 3539 316,5
1758 3473 1925 3529 affert
1954 3473 2420 3543 Harpocrationis
2448 3477 2503 3529 et
2533 3471 2809 3546 [Scymni]

252 3567 437 3623 locos,
480 3565 782 3635 Neapolim
824 3564 1108 3620 coloniam
1150 3563 1313 3620 annis
1351 3565 1561 3634 480s79
1599 3563 1972 3620 recentiorem
2012 3563 2195 3619 fuisse
2234 3565 2406 3620 statui
2447 3580 2561 3624 non
2600 3568 2811 3634 potest,

253 3657 410 3728 quod
452 3654 642 3711 coloni
682 3670 832 3711 saec.
874 3655 937 3709 V.
980 3653 1217 3710 Athenis
1258 3654 1451 3710 emissi
1490 3655 1700 3711 tributa
1739 3671 1852 3710 non
1894 3656 2203 3711 solverunt.

474 3750 551 3801 13.
594 3746 758 3802 Anno
817 3748 955 3814 post
1011 3745 1269 3801 Miletum
1328 3749 1712 3816 expugnatam
1775 3742 2009 3815 (Herod.
2053 3745 2140 3800 Vl.
2188 3744 2283 3816 31)
2344 3743 2554 3802 Persae
2611 3741 2810 3802 Chium

260 3838 507 3895 Lesbum
566 3836 863 3892 Tenedum
924 3835 1318 3904 Hellespontia
1374 3836 1591 3905 oppida
1650 3836 1878 3906 capiunt
1937 3835 2145 3891 Herod.
2187 3835 2275 3891 Vl.
2326 3841 2550 3893 31—33.
2647 3837 2812 3893 Anno

255 3931 391 3999 post
433 3926 542 3998 (42.
584 3927 679 3999 43)
720 3926 1059 3982 Mardonius
1099 3927 1171 3982 ad
1211 3926 1592 3982 Macedoniae
1629 3925 1778 3982 fines
1818 3925 2112 3995 proiectus
2161 3926 2370 3982 iniecta
2417 3943 2477 3982 re
2524 3928 2577 3982 in
2617 3925 2812 3985 Asiam

253 4019 413 4075 redit.
455 4022 682 4073 42—45.
761 4016 925 4072 Anno
967 4020 1104 4085 post
1143 4015 1264 4088 (46)
1306 4016 1485 4072 Thasi
1525 4017 1750 4072 moenia
1789 4017 2096 4082 diruuntur,
2147 4014 2369 4073 Dareus
2417 4017 2470 4072 in
2511 4016 2810 4076 Graeciam

254 4111 484 4179 legatos
524 4107 705 4172 mittit,
745 4107 1000 4175 populos
1039 4121 1181 4162 suos
1209 4107 1522 4163 maritimos
1551 4122 1731 4163 naves
1758 4121 1978 4162 armare
2003 4107 2175 4174 iubet,
2213 4106 2497 4179 (46—48),
2538 4113 2814 4178 sequente

258 4214 410 4256 anno
453 4197 568 4269 (Vl.
609 4203 695 4263 95,
737 4197 803 4251 cl.
844 4200 941 4262 483
979 4197 1145 4251 huius
1197 4197 1397 4265 capitis
1438 4194 1560 4269 (95)
1620 4197 1910 4266 posterius
1967 4203 2044 4270 τῷ
2101 4200 2358 4271 προτέρῳ
2416 4199 2524 4253 ἔτει
2582 4202 2814 4268 propter

252 4291 410 4360 prius
456 4294 535 4362 τῷ
584 4289 841 4359 προτέρῳ
890 4287 999 4340 ἔτει
1057 4290 1381 4355 corruptum
1440 4300 1572 4342 esse
1630 4286 1921 4358 apparet3)
1981 4284 2206 4343 Datidis
2247 4291 2301 4344 et
2349 4287 2719 4357 Artaphernis
2758 4289 2814 4344 in

254 4379 559 4444 Graeciam
598 4378 662 4434 fit
703 4376 1018 4446 expeditio:
1073 4379 1335 4432 94—119.
1432 4376 1721 4447 Pugnatur
1779 4376 1851 4432 ad
1909 4375 2315 4436 Marathonem
2374 4380 2459 4432 ἐπὶ
2522 4377 2815 4434 Φαινίππου

248 4471 520 4544 ἄρχοντος
555 4468 801 4524 testibus
842 4465 1073 4522 Aristot.
1114 4466 1241 4521 Ath.
1283 4466 1397 4535 pol.
1439 4471 1525 4532 22,
1565 4466 1704 4520 aliis
1782 4465 1885 4520 Est
1914 4465 2277 4540 Phaenippus
2303 4469 2515 4525 archon
2543 4468 2635 4542 Ol.
2679 4475 2813 4538 723.
