3426 5306
1315 544 1730 658 ‚2504

244 798 381 872 432
415 790 780 871 rebellione
827 805 1024 871 tradit
1055 804 1504 890 Thucydides,
1556 808 1969 890 supplentur,
2022 825 2170 873 cum
2219 802 2425 873 titulis
2459 802 2533 875 C.
2569 806 2621 892 J.
2660 806 2736 872 A.
2776 804 2816 873 Ι.

247 913 572 978 243244
603 914 975 979 accuratius
1015 913 1392 991 doceamur,
1445 914 1789 997 quomodo
1821 913 2266 980 Athenienses
2312 914 2437 979 iam
2484 913 2824 980 nonnullis

251 1021 453 1086 annis
492 1023 642 1085 ante
676 1024 887 1086 ortum
922 1020 1166 1086 bellum
1196 1018 1842 1104 Peloponnesiacum
1879 1023 2048 1087 male
2083 1022 2431 1087 habuerint
2458 1021 2821 1098 Bottiaeos‚

253 1124 742 1194 Chalcidenses
789 1127 1137 1205 ThraciOS,
1190 1125 1570 1193 Potideatas
1620 1126 2117 1196 Corinthiorum
2168 1127 2469 1195 colonos

473 1251 1033 1321 Chalcidensibus
1068 1271 1335 1337 quoque
1364 1254 1872 1321 Euboeensibus
1896 1254 2340 1339 Athenienses
2365 1272 2546 1344 anno
2572 1254 2824 1342 437s36

253 1357 659 1426 Diacrenses
692 1379 809 1444 per
841 1362 1143 1444 privatos
1177 1361 1464 1444 eripiunt
1477 1381 1492 1440 ;
1546 1362 1609 1427 id
1644 1363 1827 1445 quod
1862 1379 2043 1428 anno
2076 1362 2207 1427 445
2244 1362 2539 1427 nondum
2572 1362 2818 1428 factum

252 1472 408 1533 erat.
502 1467 885 1535 Anno445
937 1466 1497 1536 Chalcidensibus
1554 1473 1807 1553 partem
1861 1469 2197 1535 clientium
2247 1473 2633 1553 partemque
2682 1471 2818 1553 agri

252 1579 545 1658 ereptam
608 1591 756 1641 esse
816 1577 1038 1660 negari
1101 1594 1235 1641 non
1298 1575 1577 1659 potest,⁹
1634 1595 1784 1642 nam
1838 1575 2320 1645 Chalcidenses
2368 1579 2522 1641 ante
2570 1594 2818 1641 annum

252 1668 386 1746 445
437 1682 666 1748 decem
715 1682 960 1748 talenta
1010 1683 1321 1748 tributum
1371 1680 1658 1761 solvunt,
1710 1687 1866 1767 post
1909 1685 2093 1749 hunc
2124 1701 2370 1749 annum
2413 1684 2533 1749 tria
2567 1686 2819 1750 tantum

251 1788 527 1856 talenta:
586 1809 648 1854 v.
698 1790 954 1855 titulum
1009 1789 1288 1856 Hermae
1336 1793 1576 1869 31,137
1626 1809 1772 1875 sqq.
1825 1791 2068 1875 publici
2121 1792 2279 1856 iuris
2337 1791 2603 1856 factum.
2679 1790 2822 1856 Hoc

255 1914 338 1962 ex
409 1898 508 1962 eis
580 1914 749 1980 quae
819 1898 1078 1964 tradunt
1148 1900 1710 1982 sexagesimarum
1771 1898 2090 1977 laterculi,
2151 1899 2472 1981 sequitur:
2546 1898 2820 1963 traditur

253 2004 436 2087 apud
463 2003 884 2071 Plutarchum
913 2003 1144 2071 Pericl.
1173 2007 1279 2072 23.
1316 2043 1398 2052 -
1433 2005 1623 2072 Tunc
1659 2005 1963 2072 colonias
1990 2005 2302 2071 Eretriam
2338 2009 2401 2070 et
2431 2003 2819 2073 Chalcidem

254 2111 580 2178 deductas
638 2129 787 2178 esse
837 2131 872 2178 e
922 2114 1485 2196 sexagesimarum
1534 2113 1742 2180 titulis
1788 2112 2142 2179 verisimile
2190 2112 2295 2190 fit;
2348 2111 2467 2177 sed
2518 2111 2820 2177 coloniae

255 2217 571 2284 Eretriam
622 2222 684 2284 et
735 2217 1123 2287 Chalcidem
1174 2220 1517 2296 deductae,
1568 2220 1816 2303 quibus
1864 2223 2068 2285 testes
2118 2223 2271 2285 sunt
2302 2218 2690 2285 Andocides
2737 2218 2820 2284 de

256 2342 423 2408 pace
472 2326 534 2402 9,
597 2323 670 2393 C.
721 2324 774 2409 J.
825 2323 901 2390 A.
950 2325 1002 2410 J.
1056 2327 1206 2403 339,
1257 2326 1478 2391 referri
1531 2330 1817 2410 possunt
1868 2328 1920 2392 si
1971 2328 2074 2392 vis
2121 2327 2204 2391 ad
2254 2345 2497 2391 annum
2545 2326 2816 2411 424s23‚

255 2450 393 2515 quo
442 2448 623 2497 anno
666 2431 1172 2499 Atheniensium
1224 2435 1712 2517 expeditionem
1765 2435 1830 2498 in
1867 2432 2209 2500 Euboeam
2257 2434 2499 2499 factam
2548 2436 2822 2499 testatur

260 2537 705 2606 Philochorus
754 2538 993 2625 (schol.
1044 2540 1378 2625 Aristoph.
1431 2559 1618 2624 vesp.
1674 2539 1858 2628 718),
1910 2543 2013 2605 cui
2063 2542 2317 2607 accedit
2349 2543 2535 2607 testis
2568 2539 2822 2606 Aristo-

254 2646 516 2730 phanes
567 2649 712 2732 ipse
759 2666 1017 2732 vespar.
1070 2649 1198 2715 715
1249 2667 1395 2733 sqq.

470 2771 667 2858 Syme
725 2792 843 2857 per
888 2774 1328 2841 Athenienses
1385 2777 1681 2858 privatos
1731 2774 1990 2841 Cnidiis
2045 2778 2156 2841 aut
2199 2775 2467 2861 Jelysiis
2524 2776 2812 2858 eripitur,

255 2876 683 2965 (Cnidiorum
717 2882 1028 2949 tributum
1062 2900 1239 2948 anno
1263 2882 1516 2968 439s38
1541 2900 1691 2966 sqq.
1721 2884 2048 2960 minuitur,
2081 2881 2479 2967 Jelysiorum
2520 2886 2815 2968 augetur,

255 2993 325 3054 ut
372 2988 726 3054 verisimile
776 2992 894 3065 est,
947 2990 1074 3055 iam
1123 2992 1277 3055 ante
1324 3006 1570 3056 annum
1620 2992 1712 3056 tit.
1766 2988 1841 3057 C.
1873 2990 1926 3075 J.
1959 2989 2035 3055 A.
2086 2989 2163 3057 T.
2197 2991 2330 3057 250
2374 2991 2495 3074 frg.
2554 2991 2652 3066 19,
2704 2991 2817 3073 qui

255 3095 486 3161 titulus
535 3098 635 3161 est
682 3112 1007 3162 annorum
1055 3097 1176 3162 431
1189 3094 1650 3183 s30-429s28.)

473 3218 651 3289 Casii
726 3225 788 3287 et
845 3220 1327 3306 Eteocarpathii
1400 3225 1557 3289 tunc
1629 3223 1911 3305 primum
1985 3223 2111 3305 ipsi
2169 3222 2483 3288 tributum
2545 3227 2818 3290 censent

255 3328 425 3394 sicut
455 3327 773 3411 Amorgii,
825 3346 998 3412 quos
1038 3333 1228 3395 antea
1262 3326 1632 3395 Samiorum
1674 3330 1886 3396 fuisse
1929 3347 1964 3395 e
2011 3330 2577 3413 sexagesimarum
2609 3331 2820 3397 titulis

255 3436 389 3501 veri
439 3434 513 3501 fit
562 3434 860 3501 simile.¹⁰

472 3560 803 3645 Bysbicus
852 3561 1184 3648 Byzantiis
1251 3563 1525 3647 eripitur
1589 3566 1702 3629 aut
1761 3599 1843 3609 -—-
1905 3563 1960 3629 si
2019 3562 2341 3629 deficiunt
2397 3564 2553 3629 belli
2615 3561 2814 3630 Samii

254 3671 553 3752 tempore
626 3687 754 3736 una
826 3688 976 3736 cum
1038 3669 1418 3755 Byzanthiis
1479 3667 1918 3737 Calchedonii
1990 3670 2076 3736 ab
2135 3669 2672 3747 Atheniensibus,
2734 3709 2816 3718 —

258 3774 764 3844 Calchedoniis:
817 3777 1284 3862 Byzantiorum
1334 3778 1647 3844 tributum
1697 3782 1976 3862 augetur
2018 3764 2121 3843 his
2154 3778 2593 3862 temporibus:
2650 3777 2723 3847 C.
2762 3779 2816 3865 J.

255 3881 330 3948 A.
382 3883 424 3949 1.
474 3885 625 3950 244.
676 3884 947 3972 436s35.
1022 3884 1316 3969 Byzantii
1368 3885 1748 3952 defecerant
1801 3902 1932 3950 una
1982 3903 2130 3950 cum
2168 3882 2428 3964 SamiiS,
2482 3903 2614 3950 una
2664 3904 2812 3952 cum

469 4175 518 4225 9.
558 4170 760 4226 Statuit
798 4169 1112 4226 Koehlerus
1153 4170 1389 4226 Hermae
1427 4175 1514 4236 31,
1557 4175 1654 4226 137
1695 4184 1824 4240 sqq.

474 4283 555 4333 10.
595 4277 799 4334 Statuit
836 4278 944 4333 hoc
983 4279 1054 4333 de
1077 4278 1361 4347 Amorgiis
1392 4277 1774 4334 Kirchhofiius
1794 4267 2364 4347 Tributpflichtigkeit
2401 4278 2501 4331 der
2522 4276 2816 4333 Attischen

254 4369 569 4426 Kleruchen
591 4383 645 4436 p.
683 4372 821 4433 224,
863 4382 1031 4437 quem
1072 4368 1325 4436 sequitur
1352 4366 1643 4423 Busoltius
1683 4367 1877 4436 philol.
1915 4370 2001 4431 41,
2042 4371 2162 4423 663.
2239 4364 2325 4423 De
2351 4365 2611 4436 Syma’eis
2632 4365 2819 4422 Casiis

254 4457 706 4526 Eteocarpathiis
745 4454 1035 4513 Busoltius
1075 4458 1264 4525 philol.
1305 4463 1391 4522 41,
1432 4463 1535 4512 686
1576 4457 1827 4512 similiter
1865 4457 2073 4512 iudicat
2111 4459 2278 4525 atque
2319 4470 2426 4525 ego
2468 4457 2671 4511 iudico.
