3426 5306
1736 561 2121 628 ...8.-

653 765 924 853 Sigeum
977 770 1211 835 iterum
1275 769 1678 864 occupando
1752 769 2102 837 offendere
2153 772 2316 856 quid
2365 774 2621 840 attinet.
2696 773 2954 867 *Neque
3005 774 3211 842 ullum

649 880 751 942 est
798 878 1155 962 vestigium
1203 875 1713 944 Atheniensium
1765 882 1920 960 post
1969 896 2219 945 annum
2266 881 2399 947 479
2433 877 2610 966 Sigei
2663 882 2993 950 coloniae.

862 984 1141 1049 Minima
1214 988 1472 1051 tantum
1546 985 1795 1052 tributa
1867 986 2139 1053 solvunt
2190 989 2557 1072 quotannis
2606 985 2968 1075 Sigeenses
3015 1008 3211 1057 sexa-

649 1094 1052 1177 gesimarum
1102 1093 1314 1160 titulis
1384 1093 1698 1160 testibus:
1773 1111 1935 1178 ergo
2006 1098 2121 1160 aut
2169 1096 2273 1162 his
2323 1097 2739 1181 temporibus
2788 1093 3060 1183 Sigeum
3109 1102 3210 1165 est

653 1200 1051 1284 oppidulum
1123 1202 1562 1266 miserrimum
1637 1218 1856 1286 neque
1934 1202 2037 1268 his
2109 1204 2525 1287 temporibus
2605 1205 2738 1271 tale
2810 1206 3209 1289 oppidulum

650 1307 983 1374 coloniam
1056 1307 1264 1374 fuisse
1323 1308 1553 1391 populi
1612 1306 2121 1376 Atheniensium
2194 1312 2390 1377 statui
2450 1316 2695 1396 potest,
2768 1316 2881 1379 aut
2940 1308 3209 1398 Sigeum

650 1433 783 1480 non
859 1416 1052 1481 nimis
1122 1433 1402 1499 parvum
1451 1420 1554 1482 est
1603 1416 1950 1499 oppidum,
2019 1421 2119 1483 est
2168 1415 2677 1485 Atheniensium
2727 1420 3015 1501 colonia,
3087 1421 3207 1486 sed

647 1525 706 1588 ei
780 1525 891 1608 qui
967 1523 1308 1589 minimum
1380 1523 1698 1589 tributum
1749 1524 2021 1589 solvunt
2071 1524 2331 1591 incolae
2383 1521 2583 1610 Sigei,
2635 1543 2769 1592 non
2821 1532 2979 1593 sunt
3028 1527 3209 1592 cives

646 1628 1113 1709 AthenienseS‚
1166 1648 1301 1695 non
1353 1631 1574 1697 coloni
1624 1629 1824 1697 Attici
1875 1630 1994 1697 sed
2021 1636 2308 1713 μέτοικοι
2342 1633 2772 1698 colonorum:
2826 1651 2977 1700 nam
3028 1635 3210 1700 cives

645 1735 1090 1803 Athenienses
1127 1733 1303 1822 Sigei
1355 1738 1737 1805 habitantes
1784 1738 2102 1804 tributum
2154 1740 2421 1824 quidem
2471 1740 2779 1820 solvisse,
2830 1742 2950 1807 sed
3001 1742 3210 1807 multo

650 1847 869 1912 minus
940 1846 1264 1929 pecuniae
1315 1863 1517 1930 quam
1566 1847 1794 1912 socios
1842 1846 1996 1911 ideo
2045 1847 2338 1927 dedisse,
2400 1849 2582 1932 quod
2635 1847 2882 1914 fuerint
2931 1847 3211 1916 Atheni-

646 1970 866 2033 enseS‚
916 1954 1116 2019 statui
1169 1971 1303 2018 non
1352 1956 1596 2037 potest.
1693 1952 1958 2033 Quibus
2007 1955 2091 2020 de
2142 1956 2365 2021 causis
2414 1951 2773 2040 Sigeenses
2823 1958 2935 2041 qui
2985 1957 3211 2022 solve-

647 2061 773 2126 rint
822 2061 1061 2127 tributa
1110 2063 1679 2145 sexagesimarum
1739 2062 1948 2128 titulis
2005 2062 2307 2142 testibus,
2360 2063 2644 2129 colonos
2693 2062 2901 2129 fuisse
2950 2061 3210 2130 Atticos

647 2170 876 2234 nostro
925 2169 1063 2234 iure
1115 2185 1458 2253 negamus.

858 2276 927 2343 ll.
983 2273 1269 2343 Salamis
1316 2275 1840 2344 Atheniensibus
1912 2277 2183 2344 colonia
2231 2278 2565 2344 addicitur
2613 2279 2858 2345 iudicio
2909 2279 3206 2364 quinque

645 2381 1130 2468 Spartiatarum
1182 2383 1514 2451 Plutarch.
1567 2382 1799 2451 Solon.
1859 2386 1939 2452 10
2005 2390 2181 2452 certe
2237 2390 2392 2452 ante
2444 2384 2764 2454 Comeam
2815 2386 3208 2453 archontem

642 2491 922 2579 561[607
971 2490 1246 2577 (Herod.
1300 2491 1341 2558 1.
1393 2492 1500 2572 59,
1550 2490 1823 2559 Aristot.
1874 2490 2023 2558 Ath.
2076 2493 2209 2576 pol.
2272 2493 2437 2573 17,2.
2496 2489 2725 2580 14‚1.)⁸

858 2595 1263 2667 Salaminem
1337 2599 1465 2666 iam
1533 2601 1808 2667 saeculo
1859 2599 1961 2667 Vl.
2013 2598 2461 2667 Athenienses
2511 2601 2797 2667 colonos
2845 2600 3206 2668 deduxisse

642 2709 840 2775 docet
911 2709 1213 2793 inprimis
1285 2709 1443 2774 illud
1517 2708 1750 2792 populi
1821 2706 2327 2773 Atheniensium
2398 2708 2738 2774 decretum
2793 2708 2846 2792 J.
2898 2706 2979 2776 G.
3030 2707 3107 2774 A.
3161 2709 3204 2775 1.

641 2816 863 2901 suppl.
915 2835 978 2901 p.
1027 2817 1113 2881 57
1166 2834 1341 2882 num.
1402 2817 1497 2894 la,
1550 2834 1615 2897 p.
1675 2816 1817 2895 164,
1869 2813 2079 2902 (nunc
2115 2815 2472 2899 legendum
2506 2813 2749 2881 Athen.
2785 2815 3044 2882 Mitteil.
3096 2816 3206 2895 23,

647 2951 1060 2960 ——.—.——-——

890 3035 937 3085 7.
981 3029 1258 3086 Comeam
1317 3029 1649 3085 archontem
1708 3027 1890 3085 fuisse
1947 3042 2097 3084 anno
2155 3031 2357 3100 561s60
2414 3044 2483 3085 ex
2533 3028 2701 3086 Arist.
2744 3028 2870 3086 Ath.
2924 3031 3038 3099 pol.
3085 3032 3207 3095 19,ss

643 3121 708 3175 cl.
763 3119 925 3175 Polit.
987 3134 1038 3188 p.
1084 3120 1284 3174 1315b.
1345 3122 1551 3189 29sqq.
1613 3118 1884 3188 sequitur,
1945 3134 2070 3174 cum
2112 3117 2384 3174 Solonem
2444 3134 2593 3175 anno
2652 3120 2854 3191 594193
2910 3119 3206 3175 archontis

642 3224 870 3265 munere
908 3208 1160 3264 functum
1202 3223 1335 3265 esse
1384 3211 1611 3264 constet
1650 3223 1750 3277 per
1796 3206 2143 3264 Sosicratem
2187 3208 2365 3264 Laert.
2409 3206 2574 3279 Diog.
2619 3210 2653 3264 l.
2695 3213 2790 3274 623
2840 3208 3041 3265 Athen.
3085 3211 3204 3278 pol.

646 3304 755 3366 l4,1
802 3313 904 3369 pro
946 3297 1179 3371 δευτέρῳ
1216 3295 1569 3368 δ’(τετάρτῳ)
1613 3297 1978 3353 scribendum
2019 3312 2153 3354 esse
2192 3301 2456 3367 apparet;
2498 3297 2727 3354 Eusebii
2768 3300 2824 3353 et
2864 3297 3074 3355 Suidae
3114 3299 3207 3355 hic

643 3392 775 3445 sunt
814 3389 1084 3446 mittendi.
1162 3387 1657 3453 Wilamowitzius,
1697 3386 1866 3444 Arist.
1909 3402 1958 3442 u.
2001 3386 2185 3444 Athen
2227 3388 2262 3442 1.
2304 3391 2512 3457 21sqq.

889 3486 935 3534 8.
980 3478 1313 3534 Pisistratus
1380 3476 1722 3534 Salaminem
1791 3491 1905 3533 non
1972 3477 2318 3547 expugnavit
2386 3476 2591 3532 Herod.
2662 3477 2696 3531 l.
2736 3482 2832 3532 59:
2900 3477 3010 3533 iam
3069 3481 3206 3535 ante

640 3570 992 3641 tyrannidem
1032 3569 1372 3637 occupatam
1424 3566 1781 3623 Pisistratum
1833 3564 2257 3622 Atheniensium
2306 3565 2361 3619 in
2409 3566 2565 3620 bello
2614 3564 2939 3636 Megarensi
2997 3566 3204 3624 ducem

642 3660 910 3716 Nisaeam
952 3671 1317 3730 expugnasse
1356 3657 1596 3726 aliisque
1644 3656 1815 3713 iactis
1855 3656 2229 3713 excellentem
2277 3653 2459 3711 fuisse
2508 3655 2678 3710 tradit
2719 3655 3067 3722 HerodotuS,
3107 3658 3208 3726 qui

642 3749 986 3807 Salaminem
1028 3754 1410 3822 expugnatam
1452 3751 1643 3808 verbis
1681 3745 1919 3803 Νίσαιάν
1955 3771 2016 3804 τε
2055 3749 2195 3805 ἑλών
2241 3755 2330 3802 καὶ
2375 3747 2508 3802 ἄλλα
2558 3742 2959 3815 ἀποδεξάμενος
2992 3747 3207 3818 μεγάλα

644 3840 776 3912 ἔργα
823 3841 1184 3896 nullomodo
1226 3840 1523 3911 significat.
1602 3840 1834 3896 Aeneae
1873 3842 2061 3896 autem
2102 3839 2290 3895 tactici
2333 3837 2449 3909 (lV.
2491 3836 2691 3908 8—11)
2733 3837 2806 3893 de
2845 3834 3130 3893 Salamine
3171 3851 3208 3893 a

642 3929 940 3986 Pisistrato
980 3932 1148 4000 capta
1186 3931 1429 3986 narratio
1460 3960 1524 3969 —
1554 3929 1857 3985 Frontinus
1885 3929 1943 3984 11.
1973 3931 2059 3995 9,9
2088 3926 2197 3986 Gd.
2226 3931 2284 3984 et
2320 3927 2577 4000 Justinus
2605 3927 2664 3981 ll.
2693 3931 2745 3991 8,
2788 3930 2922 3981 1—6
2950 3924 3040 3981 hic
3068 3934 3207 3983 sunt

641 4020 913 4086 mittendi,
953 4051 1018 4059 —
1060 4020 1269 4076 nullius
1307 4019 1425 4077 fere
1465 4022 1553 4076 est
1594 4019 1754 4089 pretii
1768 4036 1782 4085 3
1851 4034 1979 4075 nam
2030 4018 2335 4089 quominus
2374 4017 2604 4074 Aeneae
2641 4015 2815 4073 fidem
2865 4017 3205 4084 habeamuS,

638 4112 875 4167 obstant
897 4112 952 4167 et
975 4110 1305 4167 Herodotus
1345 4112 1400 4166 et
1427 4108 1774 4166 Aristoteles
1801 4107 1927 4165 Ath.
1971 4109 2085 4178 pol.
2132 4113 2213 4173 17,
2252 4112 2302 4173 ⁶2,
2342 4107 2436 4177 qui
2466 4106 2824 4163 Pisistratum
2853 4105 3203 4163 Salaminem

639 4214 964 4269 occupasse
1012 4199 1222 4256 diserte
1272 4201 1455 4269 negat.
1533 4198 1735 4268 Neque
1783 4196 1962 4253 Solon
2003 4196 2344 4253 Salaminem
2394 4196 2764 4267 expugnavit;
2822 4196 2977 4265 quod
3018 4194 3205 4252 Solon

638 4291 880 4347 insulam
940 4303 1304 4360 expugnasse
1362 4288 1579 4353 dicitur,
1636 4286 1789 4343 falso
1830 4302 1861 4342 e
1901 4285 2134 4343 Solonis
2173 4287 2371 4357 elegea
2428 4286 2590 4344 αὐτὸς
2623 4288 2793 4355 κῆρυξ
2837 4278 3017 4355 ἦλθον
3061 4285 3204 4342 belli

641 4379 927 4436 Salaminii
968 4382 1227 4448 tempore
1265 4377 1419 4433 facta
1459 4380 1746 4446 sumptum
1788 4391 1922 4434 esse
1961 4379 2199 4446 apparet
2240 4391 2271 4431 e
2311 4375 2594 4431 Plutarchi
2636 4373 2868 4430 Solonis
2905 4379 3110 4441 8—10.
3138 4378 3204 4432 ut

645 4470 907 4525 emittam
948 4467 1243 4524 Aelianum
1285 4483 1334 4523 v.
1377 4468 1425 4522 h.
1469 4466 1580 4522 Vll.
1625 4471 1690 4522 19
1732 4470 1785 4523 et
1827 4465 2176 4538 Polyaenum
2218 4466 2251 4521 l.
2293 4469 2379 4532 20,
2418 4470 2465 4519 2.
2508 4495 2572 4503 —
2615 4462 2777 4530 Quae
2818 4462 3133 4524 Pausanias
3163 4464 3203 4521 1.
