3426 5306
1687 579 1767 589 --
1860 539 1959 605 78·
2030 576 2126 588 -‡

624 751 869 814 novata
918 765 1067 815 esse
1117 749 1243 814 iam
1293 766 1470 814 anno
1497 749 1630 815 414
1676 752 1787 815 aut
1833 767 2010 815 anno
2042 750 2174 816 415
2223 750 2418 817 docet
2452 749 2918 836 Aristophanis
2967 753 3191 818 avium

618 873 852 921 versus
907 856 1094 934 1028,
1145 856 1273 921 iam
1324 860 1476 923 ante
1524 856 1808 922 Mindari
1860 858 2350 941 expeditionem
2403 858 2932 943 Hellespontiam
2983 857 3195 925 Athe-

624 963 951 1029 niensium
1024 962 1306 1029 classem
1377 964 1444 1029 in
1516 963 1995 1048 Hellespontiis
2068 965 2360 1032 maribus
2428 965 2639 1032 fuisse
2708 966 2902 1032 tradit
2960 967 3194 1052 Lysias

621 1075 852 1137 contra
901 1071 1399 1137 Eratosthenem
1450 1069 1648 1158 (Xll.)
1694 1070 1883 1137 42.2’ς

837 1176 1223 1247 Chalcedon
1294 1196 1473 1244 anno
1542 1179 1676 1246 414
1746 1183 1856 1245 aut
1912 1181 2043 1246 413
2087 1183 2201 1246 ‘est
2259 1177 2795 1247 Atheniensium:
2858 1180 2933 1250 C.
2992 1181 3044 1266 J.
3111 1181 3190 1248 A.

621 1286 663 1352 1.
714 1287 865 1352 258.
972 1284 1469 1355 Chalcedonios
1518 1304 1651 1352 non
1701 1286 2028 1355 defecisse
2077 1303 2204 1352 una
2254 1305 2401 1353 curn
2453 1287 2784 1374 Byzantiis
2832 1308 3010 1357 anno
3057 1292 3180 1358 411

620 1395 918 1477 sequitur
976 1412 1011 1459 e
1068 1393 1486 1479 Thucydidis
1544 1393 1808 1461 silentio
1867 1394 2027 1461 Vlll.
2088 1396 2204 1463 80:
2312 1392 2675 1463 Clearchus
2725 1396 3188 1485 Byzantiorum

621 1510 755 1566 non
807 1499 1407 1569 Chalcedoniorum
1477 1480 1747 1585 quodue
1819 1502 1906 1567 rei
1982 1502 2284 1585 publicae
2354 1504 2455 1567 est
2511 1504 2768 1570 amicus
2826 1501 3190 1591 (πρόξενος)

617 1607 782 1674 Xen.
843 1606 1008 1674 Hell.
1064 1608 1106 1674 l.
1165 1608 1634 1688 l‚35.——Vere
1689 1609 1822 1676 410
1851 1606 2214 1677 Clearchus
2262 1609 2647 1696 Byzantium
2720 1615 2790 1677 et
2858 1601 3190 1680 Chalce-

620 1715 901 1781 donem
951 1716 1219 1783 mittitur
1266 1714 1430 1781 Hell.
1485 1716 1523 1782 l.
1576 1715 1613 1781 l.
1666 1715 2127 1803 (Thucydides
2176 1718 2240 1782 in
2292 1717 2458 1783 libro
2493 1717 2655 1784 11111.
2707 1730 2843 1785 non
2894 1722 3191 1787 nominat

620 1821 1140 1901 Chalcedonem‚
1190 1823 1295 1889 bis
1346 1824 1640 1889 nominat
1693 1822 2130 1909 Byzantium).
2228 1825 2342 1891 Est
2392 1823 2786 1903 Chalcedon,
2828 1844 3006 1893 anno
3054 1829 3191 1894 409

621 1929 1288 2014 Peloponnesiorum.
1406 1930 1582 2016 Ergo
1648 1930 1825 1997 facta
1894 1935 2029 1997 erat
2098 1930 2483 2000 Chalcedon
2545 1933 3189 2018 Peloponnesiorum

619 2055 737 2122 per
785 2035 1086 2105 Clearchi
1135 2037 1401 2104 alteram
1437 2037 1959 2121 Hellespontiam
1995 2039 2485 2123 expeditionem
2534 2039 2701 2106 Xen.
2729 2041 2899 2107 Hell.
2939 2042 2982 2108 l.
3019 2042 3187 2120 1,35‚

618 2146 724 2224 36,
782 2151 849 2213 ut
905 2145 1259 2212 verisimile
1319 2149 1436 2212 est.
1545 2143 1765 2224 Quam
1818 2144 2117 2214 Clearchi
2167 2146 2440 2213 alteram
2492 2148 2981 2232 expeditionem
3031 2154 3190 2220 ante

621 2251 1015 2337 Cyzicenam
1089 2270 1382 2339 pugnam
1455 2257 1832 2336 susceptam
1907 2270 2057 2319 esse
2125 2253 2419 2320 firmatur
2488 2272 2589 2333 e0,
2664 2254 2846 2338 quod
2918 2256 3191 2322 interest

620 2358 984 2428 Clearchus
1035 2377 1300 2445 pugnae
1351 2358 1718 2445 Cyzicenae
1770 2358 2045 2426 Diodor.
2095 2359 2259 2426 Χ111.
2311 2361 2417 2427 51.

831 2485 1239 2570 Pygelenses
1305 2503 1481 2551 anno
1542 2487 1677 2551 410
1748 2503 1883 2550 non
1956 2489 2109 2554 sunt
2157 2484 2684 2557 Atheniensium:
2778 2486 2942 2552 Xen.
3018 2486 3189 2553 Hell.

620 2594 662 2661 l.
713 2595 820 2677 2,2
869 2612 1086 2678 neque
1133 2592 1559 2681 Thucydides
1610 2611 1828 2679 neque
1874 2592 2256 2677 Xenophon
2307 2612 2426 2661 eos
2474 2594 2802 2661 defecisse
2852 2594 2936 2661 ab
2984 2592 3189 2661 Athe-

619 2702 962 2768 niensibus
1017 2702 1312 2780 tradunt3
1370 2706 1589 2768 tamen
1649 2719 1772 2767 eos
1849 2719 1980 2766 una
2039 2719 2187 2767 cum
2248 2701 2533 2767 Milesiis
2589 2719 2766 2767 anno
2813 2702 2946 2768 412
3004 2702 3191 2768 defe-

619 2810 794 2875 cisse
850 2828 973 2893 pro
1034 2813 1214 2875 certo
1275 2812 1372 2875 est
1432 2809 1833 2875 habendum.
1938 2807 2103 2874 Tam
2155 2826 2425 2891 parvum
2478 2809 2806 2892 oppidum
2855 2827 2987 2876 una
3037 2828 3187 2876 cum

618 2916 904 2982 Milesiis
969 2916 1295 2982 defecisse
1342 2915 1776 2999 Thucydides
1846 2932 1969 2980 suo
2042 2916 2178 2980 iure
2236 2933 2370 2980 non
2432 2915 2626 2981 tradit
2687 2916 2752 2980 in
2804 2914 2969 2982 libro
3021 2915 3186 2982 11111.

833 3021 900 3090 Si
975 3023 1356 3089 defecerunt
1430 3027 1542 3089 aut
1613 3022 1767 3088 belli
1842 3018 2209 3089 Siciliensis
2283 3027 2581 3106 tempore
2654 3026 2767 3088 aut
2826 3024 2954 3088 iam
3028 3027 3188 3089 ante

618 3149 871 3198 annum
918 3131 1049 3196 415
1099 3131 1367 3215 Ephesii
1421 3128 1694 3216 Cymaei
1742 3128 2092 3196 Antandrii
2144 3130 2460 3198 Perinthii
2497 3127 2962 3213 Selymbriani,
3012 3132 3179 3196 satis

621 3239 868 3305 multos
915 3239 1142 3305 socios
1191 3240 1483 3303 minores
1531 3237 1615 3302 ab
1665 3235 2187 3303 Atheniensibus
2246 3237 2402 3303 belli
2454 3234 2821 3303 Siciliensis
2870 3240 3177 3322 tempore

620 3349 728 3413 aut
779 3348 907 3411 iarn
956 3349 1154 3411 antea
1202 3344 1531 3410 defecisse
1604 3343 2030 3410 statuendum
2080 3348 2204 3423 est,
2273 3344 2337 3408 id
2411 3333 2593 3428 quod
2664 3344 2881 3411 firmat
2951 3343 3179 3410 titulus

621 3451 695 3521 C.
745 3453 798 3539 J.
849 3450 925 3518 A.
978 3452 1019 3518 1.
1072 3453 1222 3519 258.
1310 3489 1315 3493 -

833 3558 1092 3639 Quibus
1141 3560 1225 3635 de
1256 3558 1520 3645 [causis
1593 3558 2010 3625 manifestius
2080 3558 2155 3623 fit
2202 3557 2409 3623 Thuc.
2463 3557 2596 3624 Vll.
2646 3559 2753 3635 57,
2828 3576 2947 3623 cur
3015 3559 3181 3624 satis

619 3669 813 3752 pauci
887 3668 1051 3733 socii
1124 3665 1627 3733 Atheniensium
1694 3666 1891 3731 annis
1937 3666 2069 3731 415
2140 3667 2202 3730 et
2248 3666 2380 3732 413
2452 3666 2517 3730 in
2586 3662 2872 3732 Siciliam
2947 3667 3182 3749 copias

620 3775 935 3841 miserint.
1031 3773 1321 3858 Aggredi
1373 3773 1793 3839 conabuntur
1825 3771 2068 3839 Persae
2119 3776 2181 3838 et
2212 3772 2503 3839 Thraces
2540 3771 2861 3858 Odrysae.
2892 3773 3181 3839 fortasse

619 3882 812 3947 etiam
863 3866 1362 3964 Peloponnesii,
1416 3881 1545 3945 iam
1593 3880 1776 3946 multi
1823 3881 1986 3945 socii
2022 3879 2284 3946 Thracii
2336 3881 2741 3959 defecerunt,
2793 3874 2971 3943 ἄλλοι
3019 3885 3184 3955 τινὲς

618 3984 778 4052 κατὰ
845 3984 954 4063 τὰς
1020 3982 1323 4075 ἠπείρους
1393 3986 1777 4062 ἐνδοιαστ·ὅς
1850 3981 2207 4070 ἀκροῶνται
2253 3986 2490 4074 (Thuc.
2551 3987 2654 4053 Vl.
2723 3985 2928 4073 lO,5):
2997 4004 3183 4052 anno

617 4097 768 4162 415.
866 4095 1267 4163 Defecerunt
1319 4097 1444 4161 iam
1498 4095 1861 4161 nonnullae
1923 4096 2206 4161 maiores
2264 4095 2487 4179 plures
2535 4097 2825 4161 minores
2875 4095 3185 4162 civitates

832 4333 918 4384 26.
957 4327 1161 4385 Statuit
1197 4329 1306 4384 hoc
1347 4330 1418 4384 de
1445 4328 1845 4401 Aristophanis
1883 4330 1938 4383 et
1984 4327 2187 4404 Lysiae
2226 4328 2373 4383 locis
2431 4341 2581 4403 quos
2638 4326 2817 4388 attulit
2858 4301 3186 4388 Prenzelius

617 4421 649 4479 l.
690 4434 738 4476 c.
779 4434 830 4494 p.
871 4423 960 4477 20.
