3426 5306
1168 616 1187 645 ‚,
1323 552 1577 616 -17
1665 588 1747 600 --

230 765 445 829 necati
495 764 625 830 sint
672 780 710 827 a
743 761 964 828 Persis
1009 764 1124 827 aut
1158 761 1240 827 de
1290 759 1522 828 insulis
1570 760 1850 844 depulsi,
1902 760 2180 827 dubitari
2215 762 2454 843 potest,
2506 760 2571 825 id
2606 760 2788 844 quod

228 872 311 937 de
359 870 856 937 Atheniensium
929 868 1188 937 colonis
1259 887 1530 953 quoque
1603 868 2071 938 Chersonesiis
2138 868 2555 934 statuendum
2635 870 2792 934 erat.

442 977 678 1062 Neque
757 977 1201 1044 Athenienses
1281 978 1407 1042 iam
1487 993 1664 1041 anno
1743 976 2013 1061 478s77,
2100 976 2326 1041 iterum
2408 977 2461 1042 si
2542 976 2793 1055 statuiS,

234 1087 550 1152 Lemnum
601 1090 664 1152 et
698 1085 983 1151 Imbrum
1034 1085 1315 1151 colonos
1363 1085 1625 1150 misisse
1661 1086 1906 1151 certum
1942 1086 2070 1149 est:
2165 1082 2490 1149 Antidoro
2526 1082 2797 1149 Lemnio

231 1212 364 1259 non
413 1194 638 1259 Lemni
698 1193 817 1259 sed
852 1191 1186 1260 Salamine
1235 1210 1460 1277 agrum
1512 1192 1792 1257 donant:
1890 1190 2131 1257 Herod.
2186 1190 2346 1257 Vlll.
2408 1192 2506 1255 11.
2603 1188 2799 1260 Certe

232 1300 503 1368 Periclis
562 1300 979 1384 temporibus
1027 1299 1221 1366 Attici
1283 1299 1499 1366 coloni
1553 1300 1868 1365 Lemnum
1926 1300 2262 1366 mittuntur
2320 1316 2495 1364 anno
2544 1297 2796 1385 451s50

233 1412 347 1475 aut
394 1408 575 1475 brevi
625 1411 779 1491 post
796 1409 1391 1518 ’sexagesimarum
1440 1407 1641 1474 titulis
1688 1407 1987 1473 testibus,

165 1619 172 1627 ι
444 1534 523 1600 Et
571 1553 691 1618 per
739 1532 1021 1600 colonos
1069 1533 1326 1600 Atticos
1376 1552 1508 1599 non
1569 1538 1722 1600 ante
1779 1550 2023 1598 annum
2072 1533 2321 1618 478777
2373 1533 2686 1599 Lemnum
2737 1536 2801 1599 et

232 1642 517 1709 Imbrum
590 1643 835 1708 missos
910 1642 974 1707 id
1046 1641 1340 1720 efficitur,
1403 1641 1584 1725 quod
1641 1641 1833 1707 tradit
1888 1640 2316 1724 Thucydides
2375 1639 2508 1707 Vll.
2569 1641 2675 1719 57,
2725 1641 2794 1706 2:

232 1747 596 1817 Siciliensis
645 1748 796 1815 belli
846 1749 1258 1832 temporibus
1290 1747 1793 1815 Atheniensium
1842 1747 2123 1814 dialecto
2174 1751 2440 1814 utuntur
2486 1751 2549 1814 et
2582 1765 2801 1814 mores

232 1857 732 1923 Atheniensium
808 1858 1132 1923 imitantur
1203 1874 1436 1922 omnes
1498 1856 1745 1922 Lemnii
1807 1856 2174 1940 lmbriique.
2285 1856 2353 1922 ld
2425 1856 2607 1940 quod
2665 1873 2797 1922 non

231 1966 566 2030 miramur:
628 1968 779 2030 sunt
828 1965 890 2029 in
942 1963 1175 2031 insulis
1210 1964 1458 2030 Lemno
1502 1968 1564 2030 et
1598 1964 1813 2030 lmbro
1847 1963 2335 2049 Tyrrhenorum
2370 1964 2798 2031 barbarorum

232 2072 563 2156 reliquiae,
616 2072 680 2137 id
730 2072 911 2156 quod
961 2076 1244 2139 statuere
1295 2090 1427 2137 non
1476 2076 1779 2138 vetamur
1812 2071 2053 2137 Herod.
2093 2072 2195 2139 Vl.
2242 2073 2394 2151 140;
2445 2072 2653 2138 Thuc.
2693 2070 2795 2139 lV.

238 2179 524 2258 109,4.26
617 2178 809 2259 Quos
853 2177 1137 2264 γλῶσσάν
1167 2203 1233 2243 τε
1268 2176 1379 2266 τὴν
1442 2173 1739 2266 Ἀττικὴν
1770 2183 1876 2242 καὶ
1913 2176 2185 2265 τρόπους
2219 2176 2360 2254 τὀὺς
2428 2172 2803 2267 Ἀθηναίων

231 2286 566 2351 ἐδίδασκον
611 2285 882 2373 (Herod.
938 2287 1040 2354 Vl.
1101 2286 1254 2373 138)
1306 2288 1526 2352 coloni
1575 2287 1793 2366 Attici,
1857 2290 1922 2353 ut
1980 2286 2126 2352 illae
2177 2287 2515 2353 Braurone
2576 2291 2798 2371 raptae

234 2395 541 2461 mulieres
589 2394 843 2461 Atticae
889 2391 1217 2481 [docuisse
1277 2395 1578 2461 dicuntur
1636 2395 1883 2460 liberos
1943 2412 2104 2461 suos
2154 2394 2455 2479 Pelasgis
2502 2395 2801 2478 patribus
2936 2376 2996 2447 ³3-
3067 2386 3082 2429 3
3173 2432 3179 2439 ·

234 2507 447 2568 natos.
547 2500 713 2570 Sunt
762 2504 825 2567 in
876 2501 1108 2568 insulis
1157 2500 1414 2581 Graeci,
1467 2521 1752 2586 quorum
1801 2507 2026 2586 patres
2076 2504 2314 2587 avique
2364 2501 2521 2568 olim
2568 2501 2803 2569 Otanis

231 2611 641 2695 temporibus
675 2610 991 2677 Lemnum
1022 2610 1440 2695 Imbrumque
1476 2611 1739 2677 deducti
1776 2614 1979 2691 erant,
2016 2612 2127 2696 qui
2168 2629 2286 2696 per
2323 2612 2801 2696 quinquaginta

228 2718 365 2784 fere
435 2722 682 2786 tantum
744 2736 959 2784 annos
1024 2719 1320 2785 habitant
1378 2721 1440 2784 in
1501 2720 1754 2799 insulis,
1819 2719 2019 2787 multa
2076 2722 2258 2804 passi
2309 2724 2460 2786 sunt
2508 2738 2625 2804 per
2672 2722 2803 2785 tres

232 2825 589 2893 insularum
640 2830 1111 2912 occupationes
1169 2828 1516 2916 (Miltiadis
1574 2828 1921 2895 Persarum
1983 2833 2137 2912 post
2196 2826 2440 2894 bellum
2496 2827 2797 2913 Jonicum

235 2933 734 3000 Atheniensium
780 2941 934 3019 post
966 2936 1280 3023 Medica),
1334 2956 1467 3002 non
1515 2942 1665 3004 sunt
1710 2937 1948 3003 divites
1990 2939 2057 3001 ut
2088 2936 2314 3002 Thasii
2351 2935 2542 3001 Naxii
2578 2934 2803 3000 Andrii

237 3040 405 3107 Parii
466 3043 1023 3127 sexagesimarum
1084 3043 1287 3110 titulis
1344 3045 1648 3123 testibuS,
1711 3048 1778 3110 ut
1825 3048 2160 3110 taceamus
2193 3044 2274 3109 de
2312 3043 2569 3110 Lesbiis
2619 3041 2806 3111 Chiis

237 3146 497 3227 SamiiS,
566 3154 865 3233 tempora
934 3152 1175 3235 quibus
1252 3152 1508 3217 barbari
1570 3151 1793 3217 Lemni
1857 3151 2182 3235 lmbrique
2241 3153 2610 3235 regnarant,
2672 3169 2804 3215 non

237 3259 390 3322 sunt
437 3258 631 3322 nimis
678 3260 1096 3342 perantiqua;
1148 3264 1372 3326 contra
1407 3258 1849 3326 Athenienses
1898 3258 2025 3325 illis
2072 3259 2301 3325 decem
2352 3263 2505 3342 post
2538 3258 2803 3324 Medica

237 3362 459 3430 lustris
507 3367 1110 3448 praepotentissimi
1163 3370 1314 3434 sunt
1363 3368 1675 3432 omnium.

455 3488 689 3574 Neque
740 3492 912 3556 enim
972 3495 1230 3575 praeter
1278 3492 1560 3558 colonos
1609 3492 1864 3559 Atticos
1914 3493 2136 3558 Lemni
2189 3497 2252 3559 et
2301 3493 2490 3558 Imbri
2542 3492 2809 3559 saeculo

239 3599 472 3682 quinto
521 3599 850 3665 exstitisse
900 3601 1199 3667 civitates
1239 3600 1745 3668 Atheniensium
1796 3602 2018 3667 socias
2052 3617 2292 3685 negare
2327 3600 2625 3666 iubemur
2656 3598 2807 3665 loco

238 3706 447 3772 Thuc.
473 3705 603 3771 Vll.
640 3706 821 3785 57,2:
876 3725 1024 3773 nam
1062 3709 1218 3774 illud
1255 3703 1518 3772 ἄποικοι
1543 3703 1720 3784 ὄντες
1753 3709 1959 3775 ThuC.
1998 3708 2129 3775 Vll.
2169 3709 2322 3788 57,2
2356 3709 2440 3774 ad
2478 3708 2809 3774 Histiaeos

235 3816 484 3881 tantum
536 3815 946 3880 referendum
1006 3820 1123 3895 est,
1193 3821 1253 3883 et
1312 3817 1493 3900 quod
1543 3816 1699 3882 illud
1750 3818 2083 3901 posterius
2130 3811 2227 3880 ἔτι
2320 3815 2807 3903 („praeterea“)

239 3922 524 3988 secernit
573 3921 906 3988 Histiaeos
963 3941 1001 3988 a
1050 3925 1301 4002 ceteris,
1354 3929 1415 3991 et
1465 3925 1646 4008 quod
1696 3924 2058 4010 Aeginetae
2105 3924 2606 3992 Atheniensium
2657 3928 2808 3990 sunt

233 4023 515 4108 ἔποικοι,
591 4032 652 4095 et
701 4031 879 4113 quod
933 4025 1198 4094 ἄποικοι
1257 4025 1428 4107 ὄντες
1479 4051 1611 4097 non
1661 4035 1927 4116 ponitur
1974 4036 2129 4117 post
2176 4026 2271 4096 ἔτι
2317 4042 2632 4119 χρώμενοι
2690 4032 2808 4098 Sed

240 4139 398 4221 post
420 4129 735 4201 Ἑστίαιαν
759 4136 1156 4218 οἰκο-ῖντες.27
1190 4138 1390 4206 Tales
1416 4139 1913 4207 Atheniensium
1944 4143 2164 4207 socias
2186 4142 2500 4220 civitateS,
2538 4158 2810 4224 quarum

242 4246 425 4310 cives
493 4245 618 4310 iam
679 4244 962 4311 dialecto
1020 4245 1232 4313 Attica
1289 4252 1551 4315 utuntur
1597 4248 1804 4314 Thuc.
1858 4248 1932 4316 V.
1984 4249 2157 4330 57,2,
2210 4252 2489 4316 exeunte
2540 4264 2811 4332 quoque

251 4397 661 4407 ——.—————

436 4450 539 4513 ³26.
582 4474 636 4513 v.
676 4459 969 4531 Meyerum
1008 4460 1239 4520 Forsch.
1280 4479 1328 4517 z.
1370 4463 1460 4518 alt.
1500 4461 1712 4523 Gesch.
1754 4462 1788 4517 1.
1829 4468 1913 4552 23.

1891 4613 1910 4664 ἱ
