3426 5306
1755 537 2134 600 -6-

645 722 828 807 quod
863 723 1110 788 Melum
1146 739 1443 807 apoecos
1479 725 1724 789 missos
1773 740 1923 789 esse
1972 724 2162 790 tradit
2210 724 2656 810 Thucydides,
2709 726 3092 793 Potidaeam
3142 732 3204 795 et

641 829 962 915 Aeginam
1034 847 1330 915 epoecos
1401 829 1725 897 deductos
1773 848 1923 897 esse
1972 831 2231 898 tradunt
2279 836 2341 898 et
2372 833 2596 899 titulus
2644 835 2705 899 et
2754 833 3199 920 Thucydides,

643 937 877 1021 Neque
927 956 1010 1003 eo
1061 938 1242 1021 quod
1314 939 1379 1002 in
1433 930 1739 1001 ἀποικίαν
1786 937 2014 1005 Bream
2077 943 2328 1002 ἔποικοι
2381 957 2650 1025 quoque
2700 943 3053 1020 mittuntur,
3090 945 3199 1026 qui

640 1048 896 1108 ἔποικοι
968 1046 1208 1111 milites
1279 1047 1432 1111 sunt
1488 1050 1716 1130 paeter
1769 1046 2278 1131 alios-colonos
2329 1046 2560 1113 Bream
2623 1048 2905 1127 deducti,
2980 1050 3205 1133 prohi-

641 1153 871 1219 bemur
948 1154 1306 1237 quominus
1376 1153 1568 1218 aliam
1647 1154 1855 1220 fuisse
1925 1152 2304 1241 κληρουχίαν
2383 1155 2574 1222 aliam
2656 1150 2960 1219 ἀποικίαν
3036 1157 3204 1223 alios

639 1263 940 1335 ἐποίκους
987 1263 1370 1338 statuamus,
1424 1278 1638 1344 neque
1687 1279 1771 1327 eo
1822 1261 2003 1345 quod
2054 1262 2216 1329 haec
2263 1261 2761 1330 Atheniensium
2813 1263 3198 1330 colonorum

640 1384 812 1434 saec.
866 1368 940 1434 V.
1013 1386 1257 1453 genera
1327 1369 1571 1452 ubique
1630 1367 1765 1434 fere
1817 1369 2305 1455 confunduntur
2353 1372 2473 1436 nisi
2529 1373 2593 1436 in
2643 1371 2842 1437 titulis
2889 1389 3064 1438 saec.
3118 1371 3239 1437 V.·

641 1480 752 1542 aut
800 1494 837 1541 a
885 1475 1293 1560 Thucydide.

855 1580 1260 1650 Colonorum
1349 1582 1718 1650 Atticorum
1821 1603 2036 1668 neque
2117 1582 2385 1670 Scyrios
2466 1585 2672 1651 Thuc.
2727 1585 2768 1651 1.
2819 1587 2906 1652 98
2988 1604 3201 1669 neque

641 1679 1108 1757 Hestiaeenses
1168 1709 1381 1775 neque
1440 1689 1934 1776 Amphipolitas
1983 1710 2197 1776 neque
2250 1680 2535 1758 Breatas'
2569 1711 2783 1777 neque
2841 1691 3203 1760 Athenien-

639 1799 806 1863 sium
857 1797 1268 1882 aliorumque
1304 1794 1707 1864 Graecorum
1760 1798 2041 1865 colonos
2076 1799 2409 1865 Thurinos
2443 1797 2750 1884 (Diodor.
2787 1798 2922 1866 Xll.
2951 1788 3205 1885 9÷11)

640 1904 1157 1986 Atheniensibus
1205 1905 1440 1972 tributa
1487 1905 1773 1973 solvisse
1822 1907 2564 1991 apparetetributorum
2615 1908 2815 1974 titulis
2864 1909 3206 1992 sexagesi-

642 2031 911 2091 marum‚
986 2031 1154 2097 quae
1203 2013 1542 2079 Minervae
1613 2017 1783 2081 arcis
1854 2014 2107 2081 dicatae
2156 2018 2322 2081 sunt.
2381 2014 2571 2082 Unde
2625 2015 2981 2100 plerosque
3032 2017 3202 2082 certe

642 2119 1144 2186 Atheniensium
1196 2120 1478 2187 colonos
1526 2122 1764 2188 tributa
1813 2141 1946 2188 non
1996 2122 2281 2188 solvisse
2330 2121 2684 2206 sequitur.⁸

857 2229 1103 2294 Lemnii
1167 2228 1515 2313 lmbriique
1583 2247 1757 2299 saec,
1819 2229 1893 2295 V.
1945 2230 2180 2296 tributa
2246 2230 2585 2296 solverunt
2642 2233 3200 2316 sexagesimarum

639 2337 840 2403 titulis
898 2337 1203 2414 testibus;
1280 2337 1404 2403 hos
1460 2338 1696 2403 tributa
1746 2338 2082 2404 solventes
2134 2338 2444 2403 Lemnios
2495 2338 2902 2422 Imbriosque
2950 2336 3205 2403 Atticos

642 2461 791 2510 esse
865 2443 1146 2510 colonos
1217 2445 1302 2509 ab
1376 2444 1478 2509 his
1548 2445 1927 2523 affirmatur,
1978 2446 2063 2510 ab
2112 2445 2237 2510 illis
2288 2445 2610 2530 negatur.⁴
2702 2444 3200 2512 Atheniensium

642 2569 876 2617 omnes
946 2555 1095 2617 ante
1167 2569 1382 2616 annos
1450 2550 1703 2637 480s79
1783 2553 1846 2616 in
1921 2551 2220 2618 colonias
2268 2552 2592 2619 deductos
2642 2553 2921 2620 colonos
2968 2553 3208 2619 tributa

640 2659 944 2739 solvisse,
1013 2663 1167 2742 post
1238 2661 1362 2725 hos
1411 2677 1626 2724 annos
1684 2661 1749 2724 in
1800 2660 2099 2725 colonias
2148 2662 2393 2726 missos
2447 2661 2682 2726 tributa
2733 2679 2865 2726 non
2914 2662 3202 2730 solvisse

643 2786 816 2833 nunc
886 2767 1230 2834 docetur:5
1299 2768 1489 2833 etiam
1565 2784 1739 2852 quos
1809 2767 2046 2832 tributa
2117 2767 2403 2833 solvisse
2469 2771 2788 2834 testantur
2856 2770 3203 2853 sexagesi-

642 2893 888 2942 marum
966 2875 1147 2955 tituli,
1222 2873 1580 2959 Sigeenses
1652 2861 1725 2940 et‘
1786 2872 2186 2941 Athenarum
2259 2875 2649 2958 Neapolitas
2719 2874 2974 2942 Atticos
3044 2893 3200 2942 esse

643 2983 943 3049 colonos.

858 3090 898 3156 1.
950 3089 1196 3157 Alcaeo
1255 3094 1458 3176 poeta·
1503 3093 1651 3176 ipso
1683 3094 1847 3158 teste
1875 3092 2082 3178 (apud
2113 3091 2518 3157 Herodotum
2546 3090 2620 3156 V.
2650 3091 2756 3169 95,
2807 3088 3198 3157 Strabonem

640 3197 804 3264 Xlll.
864 3199 1010 3277 1‚38
1058 3218 1120 3282 p.
1171 3199 1305 3266 300
1354 3197 1427 3268 C.
1460 3227 1540 3256 z
1577 3199 1698 3284 frg.
1728 3201 1814 3265 32
1842 3198 1954 3284 3⁴¹)
2002 3197 2224 3265 Alcaei
2275 3199 2684 3282 temporibus
2734 3200 2771 3263 i.
2824 3217 2879 3264 e.
2930 3197 3200 3264 saeculo

643 3305 775 3372 Vll.
849 3310 1126 3372 exeunte
1175 3310 1287 3373 aut
1335 3307 1602 3373 saeculo
1652 3305 1758 3372 Vl.
1809 3305 2104 3373 ineunte6
2152 3304 2328 3391 Sigei
2381 3306 2671 3372 habitant
2717 3303 2906 3371 Attici
2959 3305 3200 3374 coloni.

654 3440 1056 3449 ———————

890 3521 939 3574 3.
982 3518 1287 3576 Concludit
1315 3519 1697 3576 Kirchhoifius
1737 3520 1791 3575 in
1831 3521 1929 3576 illa
1970 3519 2448 3575 commentatione
2487 3519 2626 3574 iiber
2663 3517 2755 3573 die
2791 3517 3202 3587 Tributpilich-

642 3607 837 3678 tigkeit
876 3609 976 3665 der
1015 3606 1311 3666 Attischen
1352 3609 1683 3667 Kleruchen.

890 3702 939 3753 4.
982 3696 1246 3754 Affirmat
1314 3697 1638 3755 Boeckhius
1696 3698 2276 3767 Staatshaushaltung
2343 3697 2444 3752 der
2500 3694 2748 3753 Athener
2806 3697 2851 3751 13
2916 3701 3201 3752 499—509

644 3788 1128 3858 sexagesimarum
1187 3788 1476 3843 titulorum
1535 3792 1796 3858 tempora
1844 3789 1994 3845 falsa
2052 3789 2329 3852 statuenS‚
2388 3787 2596 3856 negant
2637 3784 3018 3842 Kirchhoifius
3058 3787 3091 3840 l.
3135 3801 3202 3852 c.,

646 3877 963 3934 Kochlerus
1020 3875 1219 3933 Athen.
1279 3877 1424 3934 Mitt.
1484 3879 1572 3933 lV.
1631 3883 1753 3944 263,
1812 3877 2289 3933 Wilamowitzius
2356 3874 2659 3931 Demotika
2725 3875 2824 3931 der
2891 3875 3201 3932 Metoeken

645 3967 885 4024 Hermae
924 3972 1008 4033 ‘2:2,
1048 3972 1153 4022 243
1192 3967 1301 4032 alii,
1341 3967 1625 4025 affirmant
1666 3963 1975 4025 B'elochius
2015 3982 2156 4023 mus.
2199 3966 2369 4025 Rhen.
2401 3968 2486 4031 39,
2524 3969 2610 4031 46,
2650 3964 2708 4019 E.
2738 3964 2937 4035 Meyer
2964 3965 3197 4021 Forsch.

644 4075 690 4113 z.
733 4059 827 4114 alt.
872 4055 1081 4115 Gesch.
1126 4059 1142 4113 l
1188 4063 1268 4124 15,
1315 4064 1339 4114 1
1382 4058 1488 4114 alii.

893 4151 940 4202 5.
983 4162 1017 4204 a
1055 4148 1292 4219 Meyero
1336 4146 1544 4206 Gesch.
1587 4149 1639 4204 d.
1682 4146 1878 4203 Altert.
1923 4147 2009 4202 lV.
2053 4146 2093 4217 ξ
2132 4150 2237 4201 394
2276 4147 2390 4202 not.

894 4244 941 4293 6.
986 4238 1341 4294 Pisistratum
1371 4238 1596 4309 Sigeum
1638 4238 1691 4293 vi
1731 4237 1959 4306 cepisse
1986 4240 2041 4293 et
2071 4235 2463 4306 Hegesistrato
2491 4235 2610 4290 filio
2652 4232 2974 4298 tradidisse,
3015 4233 3202 4302 Hege-

646 4328 856 4385 sistrati
915 4328 1050 4385 belli
1109 4344 1234 4383 cum
1293 4328 1655 4398 Mytilenaeis
1710 4327 1860 4398 gesti
1917 4329 2123 4383 testem
2182 4341 2315 4383 esse
2356 4325 2628 4382 Alcaeum
2670 4326 2918 4393 poetam,
2970 4321 3199 4378 Perian-

645 4419 805 4474 drum
847 4418 1193 4476 Corinthium
1244 4434 1443 4488 pacem
1483 4418 1623 4475 inter
1662 4417 2042 4475 Athenienses
2082 4420 2136 4473 et
2175 4416 2561 4486 Mytilenaeos
2620 4412 2962 4469 conciliasse
3013 4416 3202 4468 narrat
