3426 5306
1476 1414 1589 1485 vll.

960 1616 1047 1684 De
1094 1615 1254 1684 tituli
1306 1615 1375 1686 G.
1422 1617 1470 1686 l.
1520 1614 1583 1683 Α.
1639 1614 1676 1683 Ι.
1727 1615 1858 1685 258
1906 1632 2091 1684 anno-

461 1763 657 1829 Anno
706 1754 953 1831 425524
998 1741 1500 1828 Atheniensium
1572 1763 1913 1827 sociorum
1984 1760 2226 1843 tributa
2275 1762 2612 1844 duplicata
2660 1779 2809 1828 esse

246 1891 384 1938 non
437 1872 633 1937 tradit
679 1870 1136 1955 Thucydide83
1208 1870 1400 1936 tradit
1449 1868 1578 1934 Vll.
1630 1869 1815 1947 28,4:
1890 1858 2002 1953 τὴν
2056 1864 2341 1952 εἰκοστὴν
2396 1860 2521 1930 ’ὕπὸ
2596 1867 2813 1932 τοῑτον

244 1975 353 2042 τὸν
399 1974 624 2061 χρόνον
671 1975 796 2040 τῶν
840 1972 1000 2040 κατὰ
1050 1972 1385 2039 θάλασσαν
1432 1969 1567 2039 ἀντὶ
1616 1974 1725 2039 τοῦ
1763 1971 1967 2061 φόρου
2014 1981 2143 2050 τοῖς
2167 1967 2479 2061 ὑπηκόοις
2502 1980 2813 2063 ἐποίησαν

241 2086 691 2153 Athenienses
740 2103 917 2151 anno
967 2085 1099 2150 413
1149 2087 1186 2149 i.
1239 2103 1293 2150 e.
1347 2086 1558 2169 primo
1609 2064 1805 2149 anno'
1840 2071 1995 2148 belli
2050 2081 2381 2150 Deceleici
2417 2082 2624 2150 ThuC.
2677 2083 2804 2151 Vll.

251 2196 349 2261 19.
403 2197 593 2260 tertio
649 2214 826 2260 anno
878 2194 1032 2260 belli
1085 2191 1470 2260 Siciliensis.

459 2300 941 2384 Aristophanes
990 2319 1292 2366 ranarum
1365 2300 1780 2384 parabaseos
1828 2284 2028 2367 versu*
2096 2302 2226 2368 363
2295 2319 2472 2366 anno
2521 2300 2650 2368 405
2698 2303 2811 2367 aut

242 2410 429 2475 brevi
481 2414 674 2474 antea
721 2407 1019 2492 Aeginae
1069 2402 1495 2491 ecxoozo7.0'y0v
1541 2407 1749 2473 fuisse
1797 2394 2084 2474 testatur.

461 2534 635 2618 Ergo
705 2536 1060 2600 vicesimae
1134 2551 1256 2617 pro
1306 2533 1563 2599 tributis
1613 2550 1829 2616 usque
1877 2534 1961 2598 ad
2009 2533 2209 2598 finem
2261 2534 2418 2599 belli
2471 2532 2810 2618 Pelopon-

243 2643 496 2737 nesiaci
549 2643 918 2727 exiguntur.

460 2747 661 2828 Quod
711 2752 1073 2834 quominus
1122 2754 1507 2828 statuamu8‚-
1560 2768 1695 2815 non
1747 2750 2175 2833 prohibemur
2207 2752 2516 2833 pactione
2552 2750 2660 2815 illa
2710 2753 2811 2816 in-

239 2860 337 2922 ter
404 2855 846 2923 Athenienses
917 2861 978 2923 et
1064 2853 1582 2935 ChalcedoniOS,
1653 2874 1829 2941 quos
1901 2857 2299 2923 obsederant
2346 2856 2807 2936 Athenienses,

238 2982 422 3030 anno
472 2965 603 3029 409
673 2963 846 3029 facta
910 2963 1217 3046 Xenoph.
1290 2963 1453 3028 Hell.
1508 2963 1548 3028 I.
1603 2965 1713 3042 3‚9
1767 2955 2100 3027 ὑποτελεῖν
2146 2959 2252 3026 τὸν
2300 2960 2500 3049 φόρον
2546 2963 2809 3050 Χαλκη-

248 3069 498 3144 δονίους
564 3061 944 3155 Ἀθηναίοις
1002 3062 1272 3154 ὅσονπερ
1333 3065 1656 3132 εἰώθεσαν
1721 3073 1834 3148 οκοιὶ
1908 3067 1983 3132 τὰ
2064 3063 2446 3156 ὀφειλόμενα
2517 3067 2812 3158 χρήματα

241 3170 618 3255 ἀποδοῦναι,
692 3179 747 3243 si
807 3176 1253 3244 Athenienses
1324 3177 1752 3243 obsidionem
1802 3178 2158 3244 solverent.
2260 3177 2496 3261 Neque
2548 3180 2721 3245 enim
2774 3198 2809 3244 e

239 3286 473 3351 Niciae
545 3287 729 3369 pacis
801 3286 1220 3369 paragrapho
1291 3284 1499 3351 Thuc.
1575 3284 1647 3351 V.
1730 3285 1874 3364 18‚5
1946 3281 2056 3360 τὰς
2105 3284 2173 3348 δὲ
2223 3280 2442 3359 πόλεις
2490 3284 2807 3369 (Argilum

240 3390 573 3478 Stagirum
640 3391 1012 3458 Acanthum
1086 3389 1344 3458 Stolum
1420 3391 1782 3477 Olynthum
1834 3390 2244 3479 Spartolum)
2318 3387 2634 3477 φερούσας
2706 3388 2814 3455 τὸν

242 3494 443 3584 φόρον
492 3494 596 3560 τὸν
642 3500 746 3560 ἐπ’
798 3492 1190 3583 Ἀρισιείὸοι·
1238 3492 1621 3579 αὐτονόμους
1679 3500 1844 3561 εἶναι
1889 3516 2069 3565 anno
2116 3501 2237 3565 421
2297 3502 2525 3566 Socios
2574 3518 2811 3566 Omnes

243 3605 1090 3673 Atheniensiumtributum
1139 3607 1225 3673 ab
1252 3605 1595 3673 Aristide
1621 3608 1944 3672 censitum
1983 3624 2114 3671 non
2165 3607 2579 3690 duplicatum
2630 3625 2808 3672 anno

243 3715 503 3798 425sz4
548 3714 864 3780 tributum
914 3714 1200 3780 solvisse
1249 3712 1593 3797 sequitur,1
1648 3731 1868 3797 neque
1916 3732 1997 3779 ex
2046 3713 2159 3778 illo
2211 3714 2362 3779 loco
2395 3712 2811 3809 Xenophon-

471 3933 508 3981 l.
552 3927 750 3995 Neque
808 3943 875 3982 cx
916 3927 1180 3982 Aristidis
1238 3929 1452 3982 tantum
1511 3942 1685 3982 censu
1726 3927 1935 3982 tributa
1973 3928 2045 3982 ab
2086 3928 2355 3982 omnibus
2395 3928 2571 3982 sociis
2611 3927 2806 3982 iterum

245 4017 525 4085 exigenda
565 4031 697 4071 esse
737 4032 838 4085 pro
880 4017 1099 4071 tributis
1138 4016 1439 4085 duplicatis
1480 4016 1637 4085 pacis
1676 4018 1769 4071 est
1808 4016 2086 4081 condici0,
2144 4032 2269 4071 cum
2320 4018 2391 4071 de
2430 4017 2639 4071 talibus
2679 4016 2810 4070 nihil

247 4107 381 4162 insit
423 4107 473 4160 in
516 4107 675 4174 pacis
715 4108 944 4162 decreto
983 4106 1159 4161 Thuc.
1202 4106 1264 4160 V.
1312 4110 1390 4161 18.
1436 4111 1525 4171 19;
1569 4107 1680 4161 imo
1724 4107 1869 4171 inde,
1909 4108 2063 4175 quod
2105 4106 2210 4161 soli
2235 4106 2489 4161 Acanthii
2532 4106 2811 4174 ceterique

244 4197 455 4252 tributa
512 4211 580 4251 ex
639 4195 903 4251 Aristidis
960 4209 1134 4251 censu
1194 4197 1438 4264 pendere
1497 4197 1772 4261 iubentur,
1829 4196 2317 4251 Lacedaemonios
2374 4197 2446 4250 de
2497 4198 2806 4250 ceterorum

246 4285 673 4342 Atheniensium
733 4286 1021 4341 sociorum
1060 4285 1282 4341 tributis
1321 4286 1508 4356 quieta
1549 4300 1781 4341 movere
1819 4285 2074 4340 noluisse
2114 4286 2379 4354 sequitur.
2457 4284 2636 4339 Etiam
2679 4287 2811 4353 post

246 4375 444 4431 Niciae
484 4389 683 4443 pacem
723 4375 930 4430 tributa
969 4375 1254 4443 duplicata
1291 4377 1482 4431 soluta
1520 4389 1652 4430 esse
1691 4375 1854 4430 testis
1893 4378 1982 4430 est
2008 4375 2339 4430 Andocides
2379 4376 2450 4430 de
2491 4389 2630 4448 pace
2672 4373 2806 4448 (lll.)

245 4473 297 4522 9.
339 4481 393 4523 v.
434 4463 761 4524 Belochium
802 4479 943 4520 mus..
986 4458 1157 4523 Rhen.
1198 4469 1266 4520 39
1307 4481 1359 4538 p.
1398 4467 1485 4521 43.
