3426 5306
1679 554 2104 633 —72-

615 769 880 863 docide]
953 780 1181 843 contra
1250 774 1576 844 Alcibiad.
1628 775 1796 863 (IV.)
1845 778 1951 857 30,
2034 775 2268 862 Satyro
2338 777 2460 862 frg.
2543 779 2565 843 1
2623 777 2849 844 Muell.
2924 776 3058 864 (111.
3111 797 3175 864 p.

619 885 759 951 160.
833 885 1010 967 apud
1082 882 1317 950 Athen.
1367 883 1504 950 ΧΠ.
1557 903 1620 968 p.
1671 885 1805 951 534
1854 883 1956 971 B).
2010 883 2335 951 Plutarch.
2386 883 2711 951 Alcibiad.
2773 885 2869 951 12.
2969 883 3171 971 (Cum

612 1009 789 1056 anno
837 991 972 1057 420
1020 991 1253 1057 Lichas
1303 991 1665 1075 quadrigae
1725 1010 1911 1057 curru
1970 993 2195 1058 vincat
2242 991 2453 1057 Thuc.
2507 991 2582 1058 V.
2633 992 2740 1070 50,
2791 988 3177 1058 Alcibiades

612 1117 791 1164 anno
860 1099 993 1164 416
1066 1096 1377 1183 Olympia
1445 1099 1647 1164 vincit
1716 1098 1924 1165 Thuc.
2000 1098 2103 1165 Vl.
2172 1100 2269 1178 16,
2319 1100 2381 1179 2,
2457 1099 2671 1182 Eurip.
2750 1099 2932 1182 apud
3008 1098 3173 1166 Plut.

560 1204 820 1272 ‘Alcib.
882 1204 1072 1292 11).²⁰

613 1341 1025 1351 ————-.—

825 1406 907 1456 520.
949 1400 1264 1456 Andocidis
1321 1415 1469 1470 quae
1524 1401 1697 1456 fertur
1754 1404 1954 1470 quarta
2009 1402 2189 1457 oratio
2249 1417 2432 1472 neque
2472 1401 2808 1458 Andocidea
2847 1405 2935 1458 est
2985 1416 3173 1470 neque

610 1491 926 1546 Andocidis
967 1493 1301 1558 temporum.
1378 1489 1523 1544 Anni
1570 1504 1685 1559 quo
1728 1490 2093 1561 Hyperbolus
2151 1492 2494 1547 ostracismo
2552 1493 2826 1561 expulsus
2884 1494 2990 1557 est,
3053 1505 3168 1546 non

610 1595 744 1636 esse
800 1581 1112 1635 orationem
1154 1581 1284 1635 solo
1325 1595 1394 1635 ex
1443 1580 1881 1635 anachronismo
1921 1578 2005 1650 ἓξ
2045 1584 2256 1635 22—24
2297 1581 2573 1650 sequitur:
2631 1597 2686 1636 v.
2726 1580 3174 1650 Theopompum

610 1670 665 1724 in
706 1672 885 1726 schol.
927 1670 1214 1739 Aristoph.
1256 1684 1414 1738 vesp.
1461 1674 1612 1723 1007.
1710 1668 1819 1723 Pro
1879 1670 1975 1723 illo
2036 1670 2381 1741 Hippocrate
2420 1669 2847 1727 Atheniensium
2906 1673 3172 1741 praetore

611 1760 684 1815 ad
725 1758 948 1816 Delium
989 1761 1139 1816 victo
1192 1762 1247 1815 et
1293 1761 1496 1814 necato
1536 1757 1716 1814 Thuc.
1757 1758 1844 1812 lV.
1887 1764 1955 1812 89
1977 1773 2102 1829 sqq.
2182 1760 2557 1830 Hipponicum
2601 1759 2899 1832 ([Andoe.]
2943 1760 3031 1815 lV.
3079 1758 3171 1831 13)

609 1864 796 1905 errore
835 1849 1151 1927 Andocidis
1208 1848 1563 1917 temporibus
1622 1848 1970 1903 nominatum
2013 1863 2146 1904 esse
2186 1850 2356 1905 statui
2397 1864 2509 1904 non
2551 1852 2762 1918 potest,
2820 1881 2886 1889 —-
2946 1852 3174 1919 praeter

610 1939 1009 2008 Hippocratem
1070 1939 1446 2008 Hipponicum
1498 1938 1570 1995 ad
1612 1936 1834 1993 Delium
1895 1942 2211 2007 praetorem
2268 1939 2449 1994 fuisse
2508 1943 2758 1995 statuere
2815 1939 3173 2009 Thucydidis

610 2029 929 2083 narratione
965 2032 1244 2093 vetamur;
1286 2031 1416 2083 sunt
1455 2027 1678 2082 incunte
1719 2041 1868 2082 anno
1909 2030 2108 2097 4:242‘23
2147 2027 2575 2084 Atheniensium
2616 2032 2912 2098 praetores
2953 2029 3173 2098 Hippo-

610 2121 795 2173 crates
843 2117 1267 2173 Demosthenes
1315 2115 1491 2171 Thuc.
1535 2115 1619 2169 lV.
1670 2121 1757 2180 89,
1812 2122 1835 2170 1
1879 2117 2082 2172 Eucles
2122 2116 2493 2188 Thucydides
2534 2118 2695 2174 Olori
2743 2118 2895 2174 filius
2935 2117 3024 2172 lV.
3069 2119 3185 2172 104·

610 2208 971 2263 Nicostratus
1009 2207 1200 2262 Nicias
1241 2206 1519 2261 Autoeles
1559 2205 1646 2260 lV.
1689 2210 1772 2260 53.
1819 2210 1919 2261 119
1959 2210 2029 2271 et,
2078 2211 2137 2263 ut
2177 2199 2485 2264 verisimile
2524 2211 2613 2264 est
2654 2207 2785 2278 (sed
2828 2207 2893 2263 ef.
2921 2207 3008 2262 lV.
3052 2207 3167 2280 50),

609 2296 980 2353 Demodocus
1020 2296 1301 2352 Aristides
1343 2296 1659 2351 Lamachus
1699 2295 1783 2350 lV.
1829 2301 1919 2363 75;
1979 2328 2044 2335 -—
2105 2312 2287 2367 neque
2346 2299 2553 2367 ubique
2592 2298 2708 2353 fere
2765 2299 2931 2366 quasi
2982 2298 3168 2352 erimi-

607 2402 737 2443 num
796 2389 1104 2443 accusatus
1163 2400 1226 2440 se
1284 2384 1638 2440 defendisset
1694 2385 1766 2439 de
1814 2386 2157 2440 ostracismo
2227 2390 2420 2442 orator
2457 2386 2771 2442 Andocidis
2811 2387 3170 2455 temporibus

607 2491 790 2546 neque
847 2476 918 2531 de
975 2476 1319 2531 ostracismo
1377 2477 1616 2543 questus
1655 2477 1811 2529 esset
1870 2473 1960 2544 (οὐ
2008 2477 2115 2546 γὰρ
2163 2479 2438 2530 τοσούτων
2486 2475 2634 2530 εἵνεκ’
2685 2475 2919 2549 ὄστραχ’
2959 2479 3170 2546 εὑρέθη

610 2566 784 2622 Plato*
827 2566 1080 2621 comicus
1129 2565 1280 2632 apud
1323 2563 1585 2619 Plutarch
1625 2564 1808 2618 Alcib.
1853 2563 1963 2634 13),
2022 2566 2134 2620 imo
2183 2567 2582 2621 ostracismum
2644 2579 2987 2636 magnopere
3046 2567 3172 2620 lau-

607 2658 823 2721 dasset,
881 2669 996 2724 quo
1054 2655 1268 2724 optime
1308 2652 1638 2710 Alcibiades
1696 2655 1904 2723 expelli
1965 2660 2183 2724 posset.
2262 2656 2424 2721 Quae
2482 2670 2608 2709 cum
2648 2657 2725 2711 ita
2775 2657 2903 2720 sint,
2960 2670 3167 2711 omnes

606 2761 844 2810 erroreS,
883 2746 976 2814 qui
1016 2745 1204 2799 insunt
1243 2745 1297 2798 in
1336 2744 1610 2808 oratione,
1651 2744 1975 2814 omniaque,
2016 2760 2162 2814 quae
2203 2760 2311 2800 nos
2349 2744 2647 2800 offendunt
2687 2745 2743 2799 in
2782 2746 3057 2810 oratione,
3100 2775 3166 2783 —-

518 2851 521 2854 ’
608 2839 738 2895 sunt
778 2836 953 2890 multa
993 2865 1058 2873 ——
1099 2834 1394 2898 accedunt,
1434 2837 1492 2889 ut
1534 2834 1848 2889 orationem
1891 2835 1963 2890 ab
2004 2834 2320 2890 Andocidis
2360 2835 2714 2903 temporibus
2754 2834 3164 2890 abiudicemus

604 2926 727 2997 jam
767 2926 978 2980 dudum
1019 2928 1106 2980 est
1147 2924 1462 2993 cognitum:
1502 2940 1554 2977 v.
1595 2939 1640 2979 e.
1680 2940 1762 2993 gr.
1804 2924 1881 2978 M.
1925 2925 1986 2978 H.
2030 2924 2087 2979 E.
2130 2923 2326 2979 Meieri
2369 2922 2561 2993 (nimis
2601 2922 2833 2995 longas)
2876 2938 3169 2979 commen-

605 3015 852 3071 tationes
910 3013 1127 3082 opusc.'
1173 3013 1425 3069 academ.
1477 3013 1510 3067 l.
1570 3014 1827 3082 inprimis
1886 3028 1937 3082 p.
1981 3019 2083 3068 150
2104 3029 2228 3083 sqq.
2293 3019 2394 3070 180
2415 3029 2539 3083 sqq.
2603 3016 2704 3069 188
2726 3028 2851 3083 sqq.
2910 3016 3013 3068 225
3036 3027 3167 3082 sqq.

605 3109 701 3160 241
732 3120 856 3174 sqq.
899 3107 1003 3159 264
1025 3118 1150 3173 sqq.
1228 3103 1297 3158 Et
1341 3104 1645 3159 tenendum
1687 3106 1791 3168 est,
1851 3103 2006 3171 quod
2058 3103 2165 3158 iam
2208 3103 2498 3174 Taylorus
2537 3104 2808 3173 cognovit
2848 3102 3165 3158 Phaeacem

604 3198 888 3250 oratorem
929 3195 981 3248 in
1020 3197 1220 3262 quarta
1261 3192 1643 3263 [Andocidea]
1686 3192 1881 3247 fictum
1922 3206 2084 3247 esse:
2127 3192 2403 3249 Plutarch.
2434 3193 2710 3249 Alcibiad.
2747 3197 2823 3248 13.
2856 3192 3050 3247 Nicias
3083 3197 3163 3247 11.

606 3283 874 3354 [Andoc]
918 3283 1004 3338 lV.
1043 3288 1076 3338 8
1117 3284 1184 3338 cl.
1226 3282 1514 3350 Aristoph.
1556 3283 1724 3350 equit.
1761 3285 1896 3336 1374
1934 3296 2061 3336 cum
2091 3284 2272 3338 schol..
2296 3289 2361 3337 41
2395 3285 2461 3338 el.
2491 3282 2668 3338 Thuc.
2701 3282 2762 3336 V.
2793 3286 2840 3336 4.
2884 3312 2948 3320 —
2990 3281 3163 3347 Quod

606 3374 938 3431 Plutarchus
996 3371 1175 3427 Alcib.
1240 3377 1302 3426 13
1360 3371 1585 3426 exhibet
1639 3374 1868 3441 φέρεται
1927 3373 1986 3424 δὲ
2042 3374 2125 3425 καὶ
2184 3374 2344 3443 λόγος
2396 3393 2477 3433 τις
2532 3372 2644 3426 κατ’
2696 3370 3023 3440 Ἀλκιβιάδου
3081 3373 3168 3425 καὶ

610 3464 837 3525 Φαίακος
868 3465 1247 3535 γεγραμμένος
1285 3465 1339 3513 ἐν
1377 3458 1422 3533 ᾦ
1458 3463 1598 3525 μετὰ
1639 3469 1744 3514 τῶν
1783 3462 1959 3514 ἄλλων
2005 3464 2309 3532 γέγραπται
2348 3465 2431 3515 καὶ
2480 3466 2564 3515 ὅτι
2601 3470 2699 3532 τῆς
2737 3464 2947 3522 πόλεως
2985 3463 3162 3514 πολλὰ

604 3560 840 3620 πομπεῖα
880 3558 1064 3625 χρυσᾶ
1111 3554 1194 3605 καὶ
1251 3555 1468 3621 ἀργυρᾶ
1524 3553 1850 3620 κεκτημένης
1881 3549 2205 3619 Ἀλκιβιάδης
2263 3554 2464 3620 ἐχρῆτο
2523 3557 2677 3602 πᾶσιν
2734 3554 2919 3611 αὐτοῖς
2975 3552 3167 3621 ὥσπερ

604 3647 755 3705 ἰδίοις
792 3647 930 3714 πρὸς
974 3647 1071 3713 τὴν
1119 3641 1239 3695 καθ’
1299 3645 1507 3713 ἡμέραν
1565 3642 1785 3706 δίαιταν,
1845 3652 1956 3693 nOn
2016 3639 2218 3693 citatur
2258 3636 2639 3708 [Andocidea]
2701 3642 2919 3708 quarta,
2979 3654 3167 3708 neque

603 3734 747 3790 enim
787 3736 986 3802 quarta
1029 3730 1407 3801 [Andocidea]
1450 3734 1539 3785 est
1577 3732 1737 3800 λόγος
1772 3750 1852 3790 τις
1889 3726 2000 3781 κατ’
2025 3728 2351 3795 Ἀλκιβιάδου
2391 3730 2474 3781 καὶ
2508 3727 2735 3791 Φαίακος
2771 3732 3166 3800 γεγραμμένος,

601 3838 782 3892 neque
822 3826 880 3877 ut
917 3822 1269 3877 coniciamus
1306 3827 1391 3880 καὶ
1436 3819 1663 3881 Φαίακος
1702 3821 1862 3888 λόγος
1899 3839 1979 3879 τις
2015 3817 2130 3872 κατ’
2165 3817 2492 3885 Ἀλκιβιάδου
2532 3822 2922 3890 γεγραμμένος,
2969 3818 3165 3874 insunt

600 3915 665 3980 in
697 3910 1076 3983 [Andocidea]
1119 3913 1319 3979 quarta
1357 3923 1504 3978 quae
1554 3909 1746 3963 inesse
1784 3909 1840 3963 in
1879 3907 2074 3963 libello
2115 3923 2148 3963 a
2188 3922 2253 3964 se
2301 3909 2473 3964 citato
2523 3911 2760 3964 testatur
2801 3908 3160 3964 Plutarchus.

602 4005 801 4072 Neque
859 4002 912 4056 in
962 4001 1075 4056 vita
1116 3999 1522 4076 Andocidisp.
1563 4003 1668 4053 835
1708 3997 1755 4058 ,Α
1815 4001 2014 4067 quarta
2055 3996 2436 4069 [Andocidea]
2497 3998 2715 4062 citatur,
2773 4012 2954 4066 neque
3012 3997 3164 4052 enim

606 4090 986 4162 [Andocidea]
1030 4092 1229 4158 quarta
1269 4092 1357 4143 est
1396 4090 1661 4159 ἀπολογία
1699 4091 1839 4158 πρὸς
1882 4087 2099 4154 Φαίακα,
2142 4103 2327 4157 neque
2366 4091 2472 4152 est,
2522 4102 2618 4142 cur
2655 4088 2709 4142 in
2760 4088 2873 4142 vita
2912 4086 3164 4143 Andoci-

601 4183 691 4240 dis
748 4182 883 4239 nihil
938 4179 1044 4237 nisi
1095 4177 1537 4248 [Andocideam]
1598 4180 1857 4247 quartam
1915 4178 2007 4233 illa
2065 4179 2332 4248 ἀπολογίᾳ
2388 4180 2529 4247 πρὸς
2590 4175 2791 4230 Φαίακα
2849 4175 3164 4245 significari

601 4272 962 4328 statuendum
1004 4271 1093 4335 sit,
1153 4282 1276 4323 cum
1319 4271 1348 4319 ὁ
1388 4270 1512 4338 περὶ
1550 4276 1648 4339 τῆς
1703 4270 1983 4330 ἐνδείξεως
2038 4281 2268 4336 quoque
2324 4268 2379 4322 in
2437 4267 2550 4322 vita
2590 4264 2903 4321 Andocidis
2951 4265 3165 4322 citatus

600 4362 769 4417 nobis
808 4375 919 4417 non
970 4361 1232 4415 servatus
1289 4357 1380 4424 sit,
1440 4371 1624 4427 neque
1679 4358 2007 4413 coniectura
2065 4357 2317 4412 credibili
2375 4356 2641 4425 ἀπολογία
2680 4358 2820 4425 πρὸς
2862 4353 3066 4409 Φαίακα
3104 4355 3162 4410 in

601 4449 1015 4522 [Andocideae]
1058 4451 1292 4518 quartae
1333 4447 1810 4517 significationem
1859 4446 2060 4501 mutari
2099 4449 2307 4515 potest.
2401 4443 2469 4500 Et
2525 4444 2662 4513 quid
2720 4448 2809 4499 est
2856 4444 3012 4512 quod
3061 4448 3164 4500 aut
