3426 5306
1264 592 1344 603 --
1434 554 1683 618 65...

212 767 298 832 ita
369 767 438 830 ut
517 767 649 829 tres
710 760 849 828 fere
919 766 1144 847 partes
1221 763 1554 827 sociorum
1588 756 1593 761 ⁴
1628 758 2129 844 Hellespontiae
2217 760 2598 844 provinciae
2668 766 2779 828 aut

210 872 537 957 pecunias
616 871 742 936 iam
812 869 967 936 dare
1041 888 1175 935 non
1249 870 1511 952 possint
1580 872 1689 934 aut
1763 867 1849 932 ab
1897 866 2411 934 Atheniensibus
2481 869 2608 934 iam
2658 869 2777 934 de-

203 980 499 1046 fecerint.
2656 983 2663 989 '

423 1087 656 1170 Neque
722 1087 895 1152 enim
971 1102 1084 1151 eas
1169 1084 1465 1149 civitates
1538 1083 2039 1166 Hellespontiae
2119 1084 2521 1167 provinciae,
2604 1101 2776 1167 quae

205 1213 390 1262 anno
469 1194 635 1260 tituli
699 1191 774 1261 C.
832 1192 884 1278 J.
944 1191 1020 1257 A.
1083 1192 1125 1271 Ι.
1175 1190 1309 1257 258
1384 1190 1678 1256 tributa
1763 1207 1897 1255 non
1979 1189 2313 1267 solverint,
2396 1191 2523 1256 hoc
2599 1208 2775 1257 anno

203 1301 639 1386 vectigalia
687 1319 740 1366 e.
797 1320 891 1385 gr.
942 1300 1294 1365 vicesimas
1342 1315 1463 1381 pro
1511 1297 1767 1365 tributis
1816 1298 2224 1381 pependisse
2273 1299 2462 1364 statui
2503 1297 2779 1381 potest.⁷

419 1425 589 1492 Ante
669 1443 915 1491 annum
964 1426 1097 1491 413
1146 1427 1500 1492 vicesimas
1572 1443 1693 1508 pro
1761 1422 2016 1489 tributis
2063 1426 2333 1489 exactas
2381 1441 2531 1490 esse
2580 1426 2772 1490 statui

203 1553 341 1600 non
394 1533 672 1617 potest.8
763 1532 933 1597 Nam
983 1531 1236 1598 Aenios
1308 1551 1362 1598 e.
1413 1551 1532 1616 gr„
1587 1548 1761 1614 quos
1830 1530 2259 1615 vectigalia
2330 1535 2480 1597 ante
2529 1548 2772 1596 annum

104 1620 114 1631 ⁶
202 1642 335 1707 413
413 1640 769 1706 solvisse
839 1641 1157 1717 statuitur,
1236 1640 1607 1706 tributum
1690 1639 2097 1723 pependisse
2177 1639 2418 1704 diserte
2497 1642 2776 1704 testatur

201 1747 635 1832 Thucydides
685 1747 816 1814 Vll.
866 1747 1040 1824 57,5.
1093 1742 1285 1830 (πρὸς
1334 1740 1609 1822 ὁάὐτοῖς
1642 1744 1897 1832 Αἰολῆς
1946 1749 2385 1830 ῙΙΙηθυμναῖοι
2430 1750 2547 1826 μὲν
2593 1748 2775 1808 ναυσὶ

203 1858 311 1917 καὶ
378 1849 454 1917 οὐ
526 1851 711 1937 tropo)
761 1846 1034 1939 ὑπήκοοι
1092 1853 1382 1917 Τενέδιοι
1432 1852 1498 1916 δὲ
1556 1856 1663 1915 καὶ
1710 1853 1941 1915 Αἴνιοι
1988 1845 2319 1927 ’ὑποτελεῖς
2367 1853 2509 1919 scil.
2563 1849 2767 1938 φόρου

201 1954 555 2039 ὑποτελεῖς,
629 1961 694 2026 id
767 1960 949 2043 quod
1022 1965 1084 2027 et
1151 1979 1232 2026 ex
1303 1963 1432 2027 hoc
1480 1962 1630 2026 loco
1681 1963 1743 2025 et
1791 1978 1826 2025 e
1876 1960 2297 2044 paragrapho
2347 1963 2578 2043 quarta
2626 1963 2690 2025 et
2739 1979 2775 2025 e

198 2068 647 2135 Tenediorum
695 2068 1016 2135 tributis
1065 2067 1419 2154 apparet.⁹)

419 2192 888 2276 Aristophanis
938 2211 1238 2258 ranarum
1289 2194 1420 2259 363
1469 2211 1645 2257 anno
1672 2193 1803 2258 405
1830 2190 2330 2257 Atheniensium
2357 2191 2773 2276 Aeginenses

199 2301 486 2366 colonos
534 2302 700 2365 sicut
748 2300 899 2364 inde
948 2299 1031 2364 ab
1081 2316 1258 2364 anno
1305 2300 1435 2366 413
1485 2300 1727 2364 socios
1762 2316 2031 2382 quoque
2052 2298 2547 2365 Atheniensium
2596 2301 2773 2365 vice-

198 2409 403 2473 simas
470 2407 876 2490 pependisse
947 2407 1286 2472 docemur.
1385 2406 1575 2472 Unde
1647 2404 2148 2471 Atheniensium
2223 2407 2566 2472 colonos
2637 2420 2770 2472 non

198 2516 426 2580 socios
498 2512 996 2579 Atheniensium
1058 2506 1264 2579 'etiam
1338 2517 1488 2579 ante
1560 2532 1802 2578 annum
1874 2514 2006 2579 413
2070 2514 2419 2597 vectigalia
2489 2514 2771 2580 solvisse

197 2619 578 2705 sequitur.¹⁰

413 2746 490 2812 Et
562 2749 745 2830 quod
821 2749 973 2813 inde
1043 2749 1127 2813 ab
1198 2766 1377 2813 anno
1424 2747 1677 2831 439s38
1727 2749 1997 2813 nomina
2045 2748 2387 2814 multarum
2438 2749 2767 2814 civitatum

197 2853 577 2923 Caricarum
629 2856 693 2919 in
744 2857 1305 2938 sexagesimarum
1355 2856 1557 2921 titulis
1607 2874 1743 2920 non
1793 2855 2181 2921 exhibentur
2228 2856 2511 2938 ipsaque
2537 2852 2769 2921 Carica

195 2963 539 3044 provincia
618 2962 767 3026 inde
841 2963 925 3025 ab
997 2963 1124 3026 hoc
1188 2979 1365 3026 anno
1439 2981 1572 3027 non
1652 2963 2157 3027 nominatur-in
2209 2964 2767 3047 sexagesimarum

194 3069 419 3146 titulis,
496 3068 635 3133 has·
675 3069 975 3133 civitates
1025 3068 1177 3132 inde
1225 3068 1309 3132 ab
1359 3068 1486 3132 hoc
1534 3086 1710 3132 anno
1761 3068 2108 3152 vectigalia
2159 3087 2280 3152 pro
2330 3069 2585 3134 tributis
2633 3068 2770 3134 sol-

192 3177 374 3241 visse
448 3175 637 3240 statui
699 3193 832 3239 non
892 3178 1131 3259 potest,
1204 3175 1322 3241 sed
1375 3176 1494 3241 has
1543 3176 1845 3241 civitates
1894 3174 2045 3240 beili
2098 3172 2300 3241 Samii
2350 3175 2764 3259 temporibus

197 3283 282 3349 ab
336 3281 857 3348 Atheniensibus
928 3281 1257 3348 defecisse
1329 3286 1717 3365 ceterasque
1767 3281 2043 3350 Caricas
2114 3283 2409 3349 civitates
2472 3284 2623 3348 inde
2682 3284 2767 3349 ab

194 3391 323 3456 hoc
396 3407 576 3454 anno
623 3390 895 3475 Jonicae
946 3390 1324 3471 provinciae
1373 3390 1718 3455 adiunctas
1766 3407 1916 3455 esse
1966 3408 2086 3473 pro
2140 3393 2318 3456 certo
2367 3393 2467 3455 est
2517 3390 2768 3455 haben-

200 3497 382 3574 dum,
435 3513 837 3580 quamquam
890 3496 1052 3562 haec
1100 3496 1224 3562 soli
1278 3497 1539 3580 lapides
1585 3494 2006 3562 testantur.¹¹.

412 3728 459 3781 7.
503 3727 562 3781 ld
603 3727 757 3795 quod
799 3728 990 3783 statuit
1032 3726 1337 3782 Belochius
1380 3742 1521 3782 muS.
1561 3727 1733 3786 Rhen.
1774 3730 1858 3792 39,
1899 3733 1983 3782 38.

412 3821 460 3870 8.
503 3815 704 3870 Statuit
746 3815 1047 3871 Belochius
1089 3831 1231 3871 muS.
1275 3816 1445 3876 Rhen.
1486 3822 1572 3882 39,
1609 3818 1694 3871 47.

411 3908 458 3958 9.
503 3905 557 3959 ln
599 3909 800 3974 quarta
839 3907 1194 3974 paragrapho
1216 3907 1443 3961 Samios
1483 3921 1711 3975 quoque
1750 3907 1954 3961 tributa
1995 3907 2246 3961 solvisse
2286 3905 2544 3961 trraditur
2582 3920 2765 3975 neque

195 3995 685 4064 sexagesimarum
724 3994 861 4049 tituii
902 3996 1153 4050 obstant.
1230 3995 1377 4064 Ergo
1419 3999 1564 4050 errat
1602 3995 1916 4050 Belochius
1956 3996 2048 4048 1.1.
2089 4011 2142 4064 p.
2182 4001 2267 4049 36.

418 4086 497 4136 10.
541 4098 589 4137 v.
633 4098 755 4151 cap.
799 4083 827 4136 Ι.
873 4084 1176 4152 disputata.

414 4176 491 4225 ll.
533 4170 960 4252 Demonstravit
1024 4172 1314 4228 Busoltius
1379 4175 1478 4229 der
1539 4173 1763 4229 Phoros
1825 4175 1926 4230 der
1983 4173 2362 4229 Athenischen
2428 4171 2760 4244 Bundesge-

189 4277 408 4318 nossen
467 4261 659 4328 philol.
701 4265 784 4324 41,
825 4266 929 4316 633
968 4276 1093 4330 sqq.
1172 4262 1332 4327 Quae
1370 4263 1667 4318 Busoltius
1726 4264 2158 4327 demonstravit,
2217 4277 2285 4318 eo
2345 4277 2456 4317 non
2507 4263 2760 4319 labefac-

189 4355 393 4414 tantur,
452 4351 606 4419 quod
642 4345 990 4405 ‘Archidamii
1052 4352 1182 4406 belli
1241 4353 1403 4407 annis
1461 4356 1556 4407 aut
1608 4356 1820 4428 ¹postea
1860 4354 2057 4408 iterum
2098 4353 2302 4407 tributa
2343 4353 2579 4407 solvunt
2617 4367 2760 4408 non-

190 4442 382 4499 nullae
422 4438 658 4498 Caricae
720 4439 998 4503 civitateS,
1057 4455 1202 4510 quae
1260 4444 1427 4496 antea
1477 4440 1821 4509 defecerant,
1878 4443 1951 4497 ad
1992 4440 2198 4500 tributa
2238 4441 2433 4499 iterum
2475 4444 2757 4503 solvenda
