3426 5306
1287 541 1710 616 ..ῃ-4

215 757 391 833 Sane
441 768 720 849 pereunt
768 766 833 830 in
882 763 1189 850 Aegypto
1237 764 1376 830 fere
1425 764 1752 830 ducentae
1802 763 2304 861 quinquaginta
2336 778 2544 828 naves
2575 755 2780 829 Athe-

216 874 544 940 niensium
621 874 1116 956 sociorumque,
1198 876 1474 955 pereunt
1555 871 1739 937 multi
1815 869 2054 937 milites
2131 869 2634 936 Atheniensium
2719 873 2783 936 et

216 984 574 1049 sociorum.
688 979 820 1049 Sed
871 999 1051 1047 anno
1099 981 1232 1046 413
1304 984 1588 1046 exeunte
1638 979 2147 1044 Lacedaemonii
2222 981 2376 1044 sunt
2426 974 2776 1055 Deceleae‚

221 1134 632 1145 ——————

215 1214 637 1271 Archidamium
673 1217 980 1285 :gestarum
1019 1213 1053 1267 1.
1094 1217 1163 1268 98
1202 1226 1328 1281 sqq.
1387 1211 1814 1267 accuratissime
1881 1209 2138 1266 ordinem
2185 1211 2501 1280 temporum
2552 1222 2783 1265 servare

216 1308 468 1375 apparet.
546 1305 630 1360 Fit
668 1303 1073 1373 Atheniensum
1131 1302 1203 1357 ad
1243 1301 1600 1358 Drabescum
1640 1302 1836 1373 clades
1874 1300 2051 1355 Thuc.
2091 1299 2129 1354 1.
2170 1304 2323 1366 100,3
2383 1313 2532 1355 anno
2579 1300 2782 1369 465164

217 1395 395 1450 schol.
454 1393 718 1449 Aeschin.
778 1392 834 1446 11.
884 1397 968 1448 31.
1044 1392 1192 1462 Ergo
1251 1394 1340 1447 est
1396 1393 1602 1447 bellum
1641 1391 1916 1448 Thasium
1975 1404 2248 1446 annorum
2305 1391 2781 1460 465J64—463s62

215 1484 392 1541 Thuc.
434 1484 469 1538 1.
501 1487 761 1539 100.101.
835 1481 978 1538 Post
996 1483 1270 1537 Thasium
1311 1483 1516 1538 bellum
1554 1482 1619 1537 fit
1639 1480 2066 1538 Atheniensium
2089 1481 2375 1551 expeditio
2400 1479 2782 1546 Messeniaca,

215 1573 594 1631 Athenienses
633 1574 964 1629 societatem
1024 1572 1212 1628 ineunt
1269 1587 1394 1627 cum
1434 1571 1661 1642 Argivis
1701 1575 1758 1628 et
1792 1572 2107 1637 ThessaliS,
2166 1570 2600 1627 Lacedaemonii
2642 1584 2780 1626 con-

213 1664 413 1719 ficiunt
450 1664 656 1719 bellum
696 1662 1118 1742 Messeniacum
1158 1677 1367 1717 novem
1406 1677 1681 1718 annorum
1704 1665 1903 1730 (103‚l)
1927 1676 2076 1718 anno
2116 1661 2231 1721 tere
2253 1666 2358 1717 468
2379 1663 2561 1716 ortum
2603 1659 2782 1715 schol.

216 1752 507 1823 Aristoph.
548 1753 781 1825 Lysistr.
826 1757 978 1818 1146,
1038 1756 1322 1823 occupant
1360 1751 1737 1809 Athenienses
1786 1751 2079 1822 Megaram
2136 1754 2190 1808 et
2228 1750 2415 1821 Pegas
2472 1763 2780 1819 murosque

216 1844 425 1913 longos
466 1843 769 1899 aedificant
788 1843 1226 1912 Megarensibus
1246 1843 1421 1898 Thuc.
1452 1842 1486 1897 1.
1530 1847 1646 1898 102.
1690 1846 1808 1897 103.
1885 1842 2048 1898 Unde
2068 1841 2486 1911 expeditionem
2508 1839 2781 1911 Aegypti-

216 1948 379 1990 acam
421 1948 534 1988 non
584 1936 713 1988 ante
752 1948 958 1988 annum
997 1937 1103 1988 460
1142 1936 1469 2003 susceptam
1528 1947 1660 1988 esse
1719 1933 2020 2002 sequitur..
2061 1932 2169 1987 Tit.
2205 1932 2249 2003 J.
2290 1930 2360 1989 G.
2401 1930 2467 1986 A.
2508 1929 2543 1984 Ι.
2583 1929 2769 1999 suppl.

215 2028 287 2078 ⁶22
327 2024 363 2078 b
404 2039 456 2092 p.
495 2028 529 2078 8
566 2026 711 2078 teste
750 2022 1125 2079 Athenienses
1167 2024 1221 2079 in
1260 2024 1618 2079 Thessaliam
1660 2023 1861 2093 copias
1901 2022 2173 2078 miserunt
2211 2020 2477 2077 Aristone
2516 2019 2783 2076 archonte

213 2115 433 2183 454l53,
475 2112 527 2168 in
567 2129 678 2183 qua
733 2114 1093 2183 expeditione
1133 2116 1351 2183 praeter
1388 2114 1647 2169 Boeotos
1685 2111 1914 2167 Phocen
1954 2126 2053 2168 ses
2093 2124 2320 2181 quoque
2359 2109 2782 2166 Atheniensium

217 2205 351 2258 sunt
408 2203 566 2258 socii.
642 2203 909 2259 Narratur
955 2204 1291 2259 Thessalica
1350 2207 1636 2273 expeditio
1696 2216 1831 2272 post
1870 2209 2089 2257 cladem
2118 2200 2544 2272 Aegyptiacam.
2621 2199 2783 2255 Unde

214 2291 642 2348 Atheniensium
670 2289 1080 2362 Aegyptiacum
1103 2292 1324 2356 bellum,
1352 2307 1466 2360 quo
1496 2294 1563 2355 ἔξ
1584 2292 1680 2363 ἔτη
1708 2292 1740 2345 i.
1772 2306 1819 2346 e.
1843 2293 1911 2353 ἕξ
1935 2292 2078 2361 θέρη
2105 2292 2189 2343 καὶ
2215 2291 2284 2353 ἓξ
2290 2297 2562 2363 χειμῶνας
2578 2288 2783 2347 Graeci

215 2376 528 2437 dimicasse
587 2381 845 2438 dicuntur
881 2382 1059 2436 Thuc.
1099 2381 1133 2436 1.
1177 2386 1293 2445 110,
1354 2381 1518 2436 annis
1556 2384 1845 2436 460—454
1898 2383 2121 2449 gestum
2173 2380 2623 2435 concludendum
2679 2381 2782 2435 est.

216 2470 399 2526 Unius
439 2472 568 2526 anni
610 2485 743 2527 esse
785 2471 964 2541 prima
1002 2470 1389 2542 Aegyptiacae
1428 2471 1812 2540 expeditionis
1853 2471 2068 2540 proelia
2104 2473 2161 2526 et
2217 2483 2438 2541 pugnas
2477 2470 2550 2525 ad
2593 2468 2783 2524 Halies

215 2559 668 2632 Cecryphaleam
708 2559 981 2630 Aeginam
1021 2561 1314 2631 Megaram
1356 2561 1699 2617 commissas
1739 2563 1976 2616 testatur
2012 2560 2397 2616 Erechtheidis
2435 2561 2784 2615 mortuorum

211 2650 411 2708 titulus
451 2652 782 2722 sepulcralis
823 2650 885 2710 C.
923 2652 968 2724 J.
1009 2651 1074 2708 A.
1117 2651 1150 2706 l.
1190 2655 1320 2707 433:
1361 2653 1634 2708 ἀπέθανον
1672 2689 1685 2702 .
1726 2690 1739 2703 .
1779 2689 1792 2703 .
1832 2658 1932 2706 τοῦ
1970 2653 2140 2705 αὐτοῦ
2179 2655 2450 2705 §usam-05:
2490 2651 2522 2706 i.
2562 2665 2610 2706 e.
2652 2665 2783 2707 vere

214 2742 424 2813 prioris
493 2743 618 2797 anni
660 2742 813 2813 (460)
872 2743 997 2798 illae
1054 2744 1330 2798 ducentae
1388 2758 1568 2799 naves
1606 2743 1783 2797 Thuc.
1825 2742 1859 2796 1.
1903 2745 2005 2796 104
2043 2740 2278 2797 Athenis
2316 2742 2642 2807 evehuntur,
2684 2757 2784 2798 au-

212 2835 415 2888 tumno
454 2833 618 2887 huius
657 2833 785 2889 anni
824 2848 855 2888 e
896 2832 1089 2903 Cypro
1130 2833 1183 2887 in
1224 2831 1544 2904 Aegyptum
1585 2832 1816 2901 navigat
1856 2831 2077 2898 classiS,
2121 2847 2253 2888 vere
2292 2834 2347 2887 et
2385 2835 2602 2887 aestate
2642 2833 2781 2888 alte-

213 2923 335 2978 rius
393 2923 520 2978 anni
561 2924 708 2991 (459)
766 2922 838 2977 ad
897 2923 1088 2978 Halies
1146 2923 1591 2993 Cecryphaleam
1649 2921 1924 2992 Aeginam
1964 2921 2257 2992 Megaram
2315 2925 2615 2992 pugnatur;
2660 2923 2784 2981 *hoc

213 3027 368 3068 anno
409 3010 626 3081 Aegina
682 3012 755 3067 ab
794 3010 1232 3067 Atheniensibus
1273 3012 1524 3067 obsideri
1563 3019 1619 3069 et
1659 3014 1798 3067 muri
1836 3013 1992 3082 longi
2035 3011 2458 3068 Atheniensium
2498 3011 2783 3069 aedificari

214 3103 569 3172 incipiuntur.
664 3102 747 3157 Fit
803 3102 1100 3157 Tolmidae
1173 3102 1459 3172 expeditio
1518 3101 2007 3172 Peloponnesiaca
2061 3103 2237 3158 Thuc.
2297 3102 2332 3157 1.
2396 3106 2547 3168 108,5
2606 3101 2785 3158 Callia

214 3193 489 3247 archonte
528 3194 728 3260 456s55
769 3193 946 3247 schol.
987 3191 1267 3247 Aeschin..
1310 3192 1365 3246 ll.
1407 3198 1490 3247 75.
1566 3191 1708 3249 Post
1747 3207 1969 3263 pugnas
1992 3191 2369 3261 Aeginensem
2408 3195 2464 3248 et
2483 3192 2783 3262 Megaren-

216 3296 344 3338 sem
384 3284 512 3337 ante
550 3282 849 3338 Tolmidae
888 3282 1305 3352 expeditionem
1348 3285 1625 3352 pugnatur
1663 3283 1736 3338 ad
1776 3283 2096 3352 Tanagram
2134 3285 2192 3339 et
2228 3282 2572 3353 Oenophyta
2607 3283 2785 3340 Thuc.

216 3372 252 3428 1.
299 3376 417 3427 107.
460 3376 576 3436 108,
635 3386 781 3440 quae
839 3387 1060 3442 pugnae
1120 3375 1249 3428 sunt
1304 3373 1469 3427 unius
1526 3373 1674 3427 anni.
1752 3373 1950 3442 Neque
2004 3375 2133 3429 sunt
2170 3373 2301 3428 anni
2339 3377 2459 3439 456,
2501 3388 2630 3428 nam
2670 3388 2779 3430 una

217 3463 405 3518 hieme
443 3464 507 3516 et
546 3461 805 3517 Boeotos
843 3461 1175 3517 Phocenses
1197 3462 1413 3517 Locros
1436 3461 1729 3531 Opuntios
1751 3461 2175 3519 Atheniensium
2215 3462 2450 3533 imperio
2491 3463 2784 3519 subiectos

215 3566 354 3610 esse
393 3551 964 3623 Tanagraeorumque
1015 3566 1208 3607 muros
1246 3553 1465 3608 dirutos
1505 3567 1653 3618 esse,
1715 3551 1799 3623 (et
1834 3554 1911 3609 ita
1948 3554 2296 3610 subiciuntur
2322 3553 2523 3609 Boeoti
2562 3554 2783 3624 aliique,

216 3646 277 3699 ut
335 3656 435 3711 per
491 3642 688 3697 decem
727 3641 843 3697 fere
885 3656 1070 3697 annos
1111 3642 1224 3697 sint
1261 3641 1730 3709 Atheniensium,)
1788 3645 1851 3698 et
1892 3657 2085 3699 muros
2124 3644 2333 3714 longos
2372 3643 2783 3700 exaedificatos

215 3747 353 3789 esse
410 3734 475 3787 et
528 3732 778 3788 deinde
816 3731 1090 3801 Aeginam
1149 3736 1525 3803 expugnatam
1583 3747 1717 3789 esse
1774 3748 1885 3789 non
1944 3734 2304 3790 statuendum
2343 3736 2445 3799 est,
2506 3748 2632 3812 cum
2671 3750 2784 3791 non

213 3823 493 3886 tradatur;
555 3836 699 3891 quae
756 3822 805 3876 si
863 3825 1256 3887 statueremuS‚
1314 3822 1619 3892 Aeginetas
1678 3824 1967 3880 obsessos
2007 3839 2107 3894 per
2145 3826 2407 3895 quattuor
2447 3824 2561 3880 tere
2599 3839 2785 3881 annos
2893 3863 2896 3866 ι

216 3928 284 3969 se
344 3911 673 3968 deiendisse
729 3915 887 3967 esset
943 3912 1317 3978 statuendum,
1377 3928 1721 3983 quamquam
1779 3915 2178 3983 gravissimam
2238 3915 2456 3971 cladem
2508 3915 2617 3971 iam
2654 3920 2783 3972 ante

216 4002 583 4058 obsidionem
624 4002 1008 4072 accepissent:
1050 4003 1205 4072 quod
1234 4017 1333 4072 per
1358 4006 1472 4058 tres
1499 4003 1614 4059 tere
1642 4018 1826 4059 annos
1865 4018 1928 4059 se
1966 4004 2275 4061 defendunt
2313 4005 2459 4061 sicut
2497 4020 2600 4061 sex
2620 4007 2783 4061 annis

218 4095 350 4148 ante
376 4091 589 4156 Thasii,
635 4092 776 4147 satis
815 4093 1045 4162 longum
1081 4094 1358 4163 temporis
1398 4094 1642 4163 spatium
1666 4097 1769 4150 est.
1847 4095 2047 4164 Neque
2084 4109 2304 4164 pugnas
2349 4095 2424 4151 ad
2463 4096 2782 4166 Tanagram

217 4186 275 4239 et
314 4180 658 4252 Oenophyta
696 4196 844 4237 anno
884 4186 990 4238 458
1026 4184 1373 4240 commissas
1411 4199 1544 4239 esse
1589 4185 1950 4241 statuendum
1988 4186 2092 4249 est,
2133 4199 2259 4239 cum
2300 4199 2468 4254 quam
2510 4186 2783 4255 plurimos

217 4288 406 4330 annos
466 4271 840 4330 Athenienses
901 4287 1093 4329 muros
1156 4275 1364 4344 longos
1431 4274 1776 4331 aedificasse
1842 4276 2201 4332 statuendum
2262 4275 2349 4340 sit,
2410 4274 2486 4342 (v.
2545 4276 2782 4333 Keilium

218 4364 556 4436 Anonymus
596 4364 1024 4434 Argentinensis
1065 4381 1116 4434 p.
1160 4369 1335 4430 100,2)
1393 4380 1541 4435 quos
1599 4380 1794 4421 muros
1834 4366 2142 4421 admodum
2170 4366 2328 4422 brevi
2367 4369 2622 4436 tempore
2651 4371 2785 4438 post

233 4455 453 4510 Locros
493 4452 933 4510 Atheniensibus
990 4455 1282 4511 subiectos
1337 4455 1749 4511 exaedificatos
1804 4469 1937 4511 esse
1994 4471 2026 4511 e
2058 4456 2411 4527 Thucydidis
2466 4458 2782 4514 narratione
