3426 5306
1659 548 2083 621 -70..

827 762 1279 849 Vectigalibus
1327 767 1393 829 in
1431 765 1654 848 parvis
1688 765 1966 848 oppidis
2001 784 2133 831 non
2170 764 2410 832 multae
2445 768 2767 850 pecuniae
2801 768 3171 854 exiguntur,

610 892 758 939 nam
809 874 1079 938 minima
1125 875 1377 939 tantum
1427 873 1491 937 in
1541 889 1748 955 parva
1798 872 2054 955 oppida
2107 874 2562 956 importantur,
2613 876 2882 940 minima
2917 880 3170 942 tantum

610 999 645 1046 e
716 981 942 1063 parvis
1009 981 1281 1064 oppidis
1353 983 1797 1063 exportantur.
1916 979 2139 1063 ltaque
2217 982 2532 1063 quamdiu
2608 985 2671 1047 et
2746 985 3039 1049 minores
3112 987 3173 1049 et

610 1090 893 1154 maiores
940 1090 1271 1153 sociorum
1322 1088 1620 1152 civitates
1670 1088 1991 1169 pecunias
2042 1088 2196 1153 dare
2247 1093 2553 1171 possunt,
2607 1089 2844 1155 tributa
2890 1092 3176 1174 exigun-

607 1201 710 1262 tur
758 1213 892 1260 non
939 1194 1291 1279 vectigalia
1341 1196 1380 1258 i.
1434 1212 1487 1258 e.
1538 1195 1919 1261 vicesimae.
2015 1193 2209 1260 Nunc
2259 1196 2583 1271 minorum
2635 1197 2970 1262 civitatum
3015 1216 3174 1281 per-

611 1321 864 1387 paucae
912 1304 1165 1368 tantum
1200 1301 1438 1368 tributa
1474 1300 1739 1366 solvere
1774 1305 2079 1385 possunt,
2132 1319 2291 1385 ergo
2340 1304 2696 1370 vicesimas
2748 1322 2870 1387 pro
2914 1305 3177 1372 tributis

610 1411 879 1501 exigunt
944 1408 1408 1486 Athenienses,
1484 1427 1631 1474 cum
1704 1410 2044 1475 vicesimis
2110 1410 2172 1474 in
2242 1410 2605 1476 maioribus
2676 1411 2950 1494 oppidis
3023 1411 3176 1495 plus

609 1518 938 1602 pecuniae
987 1517 1158 1601 exigi
1210 1517 1427 1599 possit
1478 1533 1674 1599 quam
1725 1517 2004 1582 tributis.

823 1625 899 1690 Et
968 1626 1161 1689 annis
1216 1624 1349 1687 414
1406 1627 1466 1689 et
1512 1624 1644 1688 413
1717 1623 2077 1689 nonnullae
2145 1625 2446 1690 civitates
2515 1624 2665 1690 ideo
2734 1625 2859 1690 iam
2924 1626 3164 1692 tributa

609 1750 743 1798 non
811 1732 1164 1808 solverunt,
1255 1731 1436 1814 quod
1509 1730 1594 1795 ab
1664 1729 2182 1797 Atheniensibus
2271 1730 2454 1796 brevi
2527 1735 2677 1796 ante
2756 1730 3160 1798 defecerant.

609 1838 799 1918 Quae
848 1843 914 1905 ut
972 1839 1353 1923 probemus,
1427 1838 1718 1903 historici
1792 1837 2221 1922 Thucydides
2290 1841 2350 1903 et
2419 1837 2800 1922 Xenophon
2875 1840 3163 1905 adeundi

615 1952 785 2013 sunt.

822 2052 1084 2119 Primos
1151 2052 1392 2138 Jonum
1468 2056 1725 2118 aestate
1773 2053 1905 2118 412
1956 2051 2167 2121 Chios
2241 2052 2634 2137 Erythraeos
2706 2051 3177 2121 Clazomenios

607 2162 693 2226 ab
741 2159 1256 2227 Atheniensibus
1303 2159 1664 2235 defecisse,
1716 2160 1956 2225 deinde
1985 2159 2190 2225 Teios
2238 2163 2302 2225 et
2334 2159 2639 2225 Milesios
2684 2160 2875 2226 tradit
2906 2159 3178 2244 Thucy-

610 2269 803 2334 dides
852 2267 1012 2334 VIII.
1071 2267 1286 2354 14s15.
1347 2266 1564 2353 16s18.
1694 2264 1862 2334 Sunt
1922 2268 2150 2351 viginti
2213 2284 2421 2333 naves
2469 2264 2676 2333 Chiae
2722 2268 2806 2332 ad
2859 2265 3177 2332 Dioshie-

611 2393 772 2455 rum,
854 2376 1124 2441 advenit
1204 2373 1606 2453 Diomedon,
1688 2374 1950 2458 fugiunt
2029 2374 2439 2457 undeviginti
2524 2376 2787 2439 navium
2861 2371 3174 2439 Chiarum

607 2482 813 2548 Teum
887 2500 1015 2547 una
1095 2482 1460 2567 Ephesum:
1533 2480 1739 2545 ThuC.
1803 2479 1960 2545 Vlll.
2030 2482 2126 2546 19.
2234 2478 2460 2558 Quid?
2576 2480 2880 2564 Ephesus
2947 2498 3173 2545 nonne

609 2595 709 2657 est
788 2588 1341 2656 Atheniensium?
1463 2586 1731 2653 Aestate
1808 2588 1928 2651 411
2016 2586 2503 2670 Tissaphernes
2589 2587 2830 2670 Ephesi
2913 2585 3175 2652 Dianae

613 2698 972 2764 sacrificat:
1053 2696 1260 2761 Thuc.
1344 2694 1503 2761 Vlll.
1594 2695 1735 2759 109.
1865 2693 2133 2759 Aestate
2210 2694 2344 2759 410
2421 2692 2531 2779 (τῷ
2631 2693 2700 2756 δὲ
2791 2689 2963 2777 ἄλλῳ
3045 2699 3175 2758 ἔτει

605 2805 765 2870 Xen.
851 2804 1016 2870 Hell.
1088 2803 1129 2868 l.
1200 2804 1338 2880 2,1:
1407 2802 1610 2867 altero
1689 2818 1890 2878 ann0,
1974 2818 2136 2864 non:
2223 2803 2540 2883 sequente
2628 2799 2875 2886 anno:)
2959 2801 3174 2867 Thra-

607 2913 816 2997 syllus
865 2911 1198 2995 Ephesum
1250 2926 1632 2992 expugnare
1678 2907 1915 2972 frustra
1964 2910 2265 2972 conatur:
2313 2906 2477 2972 Xen.
2530 2907 2696 2973 Hell.
2735 2907 2776 2972 1.
2829 2909 2893 2987 2,
2928 2909 3174 2974 6-12.

609 3020 785 3103 Ergo
847 3036 979 3083 non
1054 3020 1167 3082 est.
1222 3016 1527 3099 Ephesus
1598 3012 2104 3080 Atheniensium
2177 3032 2355 3079 anno
2412 3015 2543 3079 412
2592 3013 2798 3080 ThuC.
2852 3014 3011 3082 Vlll.
3073 3017 3170 3082 19.

613 3126 852 3209 Neque
902 3126 1115 3191 hieme
1163 3124 1416 3208 413s12
1489 3139 1709 3206 neque
1769 3138 1900 3187 una
1970 3139 2115 3186 cum
2170 3120 2358 3189 Chiis
2431 3125 2493 3187 et
2563 3121 2849 3188 Milesiis
2916 3126 3174 3190 aestate

608 3235 739 3299 412
792 3233 1057 3317 Ephesii
1110 3232 1492 3296 desciscunt
1541 3229 1628 3294 ab
1677 3228 2218 3307 Atheniensibus,
2273 3246 2421 3293 nam
2460 3231 2766 3311 quamvis
2810 3229 3176 3318 lacunposus

609 3342 690 3412 sit
739 3343 803 3405 in
865 3339 1060 3405 rebus
1130 3339 1338 3422 gestis
1406 3337 1796 3401 enarrandis
1842 3334 2254 3419 Thucydidis
2303 3335 2464 3401 liber
2512 3334 2878 3414 octavuS,¹⁷
2949 3336 3175 3420 Ephe-

613 3472 1025 3484 ————-——-—

824 3557 904 3606 17.
945 3550 1091 3606 Libri
1132 3550 1268 3607 V111.
1326 3549 1680 3619 Thucydidei
1740 3549 2117 3603 narrationem
2184 3549 2518 3603 lacunosam
2585 3561 2768 3616 neque
2835 3549 3174 3617 perpolitam

608 3656 740 3698 esse
779 3643 1014 3711 apparet
1053 3642 1108 3695 et
1145 3654 1214 3695 ex
1254 3640 1354 3703 eis,
1412 3652 1558 3707 quae
1614 3638 1686 3692 de
1724 3637 1935 3708 Jonicis
1994 3637 2314 3693 civitatibus
2370 3635 2692 3703 afferemuS,
2750 3639 2805 3692 et
2845 3637 2975 3692 inde
3016 3640 3173 3706 quod

607 3731 898 3786 orationes
955 3729 1203 3784 directae
1251 3728 1474 3793 desunt,
1534 3724 1668 3796 (hoc
1709 3741 1939 3795 quoque
1978 3729 2067 3780 est
2103 3726 2367 3781 indicium
2409 3725 2528 3780 libri
2567 3740 2680 3779 non
2721 3726 2998 3808 perpoliti,
3044 3742 3176 3783 cum

607 3821 717 3876 alia
774 3820 979 3875 indicia
1018 3817 1326 3881 accedant,)
1389 3820 1443 3871 et
1500 3816 1628 3870 inde
1667 3817 1822 3885 quod
1862 3816 1934 3869 de
1974 3813 2485 3884 Hellespontiarum
2527 3814 2812 3869 civitatum
2853 3818 2981 3869 ante
3021 3816 3177 3871 Min-

607 3910 726 3965 dari
765 3909 1071 3963 adventum
1112 3908 1265 3961 statu
1303 3908 1452 3960 tacet
1491 3904 1879 3974 ThucydideS,
1936 3919 2061 3958 cum
2102 3904 2302 3974 Lysias
2342 3905 2395 3958 in
2435 3903 2861 3959 Eratosthenica
2899 3904 3058 3972 (Χ11.)
3099 3910 3174 3962 42

606 4012 756 4055 anno
795 4002 888 4053 411
957 3998 1044 4050 ἐπὶ
1099 4003 1205 4050 τῶν
1259 3996 1621 4065 τετρακοσίων
1678 4000 1925 4049 classem
1982 3992 2405 4050 Atheniensium
2463 3993 2516 4046 in
2556 3990 2927 4062 Hellesponto
2987 3993 3174 4051 fuisse

607 4090 813 4145 doceat
876 4086 945 4143 ct.
985 4085 1273 4155 Aristoph.
1337 4084 1526 4139 avium
1590 4084 1717 4138 anni
1781 4088 1884 4138 414
1947 4083 2332 4159 testimonium
2391 4097 2443 4136 v.
2489 4086 2639 4146 1028,
2704 4084 2760 4137 et
2822 4083 2950 4138 inde
3015 4087 3176 4153 quod

604 4178 971 4248 Thucydides
1028 4175 1116 4229 his
1171 4173 1523 4242 temporibus
1582 4174 1634 4226 in
1672 4172 1917 4227 Boeotia
1975 4175 2278 4240 pugnatum
2337 4185 2468 4227 esse
2524 4186 2636 4226 non
2675 4171 2857 4235 tradit,
2917 4172 2973 4226 id
3014 4176 3177 4242 quod

604 4270 843 4324 testatur
900 4267 1091 4320 orator
1149 4277 1250 4332 pro
1292 4262 1613 4332 Polystrato
1657 4260 1905 4331 [Lysias]
1949 4259 2095 4328 (XX)
2135 4265 2182 4324 4,
2242 4262 2337 4329 (de
2386 4260 2592 4330 quibus
2633 4260 2890 4329 Lysiacis
2930 4261 3079 4317 locis
3121 4279 3177 4318 v.

605 4356 951 4412 Prenzelium
991 4356 1062 4410 de
1082 4352 1433 4421 Thucydidis
1473 4351 1614 4405 libro
1655 4350 2274 4419 octavo-quaestiones
2313 4350 2537 4404 dissert.
2569 4349 2752 4403 Berol.
2786 4351 2936 4403 1903.
2981 4365 3037 4419 p.
3076 4353 3178 4422 20)

606 4450 661 4501 et
700 4445 828 4498 inde
868 4444 1023 4513 quod
1065 4443 1154 4497 bis
1194 4443 1340 4496 idem
1381 4444 1634 4494 narratur
1673 4440 1728 4493 in
1768 4440 1910 4493 libro
1951 4441 2188 4492 octavo:
2229 4452 2349 4506 cap.
2389 4441 2624 4501 45:293
2666 4440 2897 4503 82:86,
2934 4438 2992 4493 id
3015 4444 3178 4508 quod
