3426 5306
1319 580 1700 641 -7-

222 793 472 860 Bellum
546 791 865 877 Sigeense
914 791 1079 855 inter
1133 787 1575 855 Athenienses
1647 789 1710 854 et
1760 786 2204 872 Mytilenaeos
2276 787 2488 849 ortum
2560 781 2794 847 finitur.

224 900 554 967 Periandri
605 900 845 965 iudicio
896 896 1167 983 (Herod.
1220 897 1256 962 l.
1308 914 1364 962 c.
1399 895 1664 962 Aristot.
1697 894 1959 965 Rhetor.
2010 891 2066 958 A
2123 892 2200 957 15
2250 909 2313 975 p.
2372 890 2538 957 1375
2588 890 2631 954 b
2677 889 2786 955 30.

222 1006 433 1075 Strab.
485 1007 521 1074 l.
576 1025 628 1073 c.
680 1025 743 1091 p.
794 1006 926 1072 599
977 1003 1102 1089 C.).
1158 1003 1347 1071 Unde
1389 1002 1832 1069 Athenienses
1879 1017 2052 1067 saec.
2105 999 2236 1065 Vll.
2289 1002 2566 1064 exeunte
2594 995 2785 1082 Sige-

222 1135 331 1181 um
380 1131 748 1199 occupasse
798 1113 1119 1198 sequitur:
1174 1112 1253 1178 cf.
1307 1109 1515 1178 Strab.
1577 1110 1615 1175 l.
1669 1128 1723 1176 c.
1778 1110 1981 1175 Laert.
2035 1105 2231 1191 Diog.
2285 1106 2327 1172 1.
2378 1107 2483 1171 74.
2537 1104 2776 1170 Euseb.

226 1223 247 1289 1
299 1242 362 1308 p.
413 1223 547 1289 200
607 1219 756 1288 Sch.
820 1219 1304 1287 Posterioribus
1362 1218 1774 1302 temporibus
1834 1215 2212 1282 Pisistratus
2270 1213 2459 1280 tradit
2518 1208 2786 1297 Sigeum

225 1332 675 1415 Hegesistrato
743 1328 884 1393 filio
935 1328 1174 1393 Herod.
1226 1327 1301 1392 V.
1351 1327 1456 1393 94.
1556 1325 1746 1391 Fiunt
1816 1323 2055 1400 deinde
2115 1320 2559 1388 Pisistratidae
2609 1315 2785 1403 Sigei

226 1439 596 1503 habitantes
645 1434 987 1501 Persarum
1038 1435 1340 1500 clientes:
1385 1432 1626 1499 Herod.
1678 1431 1753 1497 V.
1805 1433 1910 1498 94.
1963 1430 2067 1496 Vl.
2127 1430 2248 1495 107
2299 1445 2451 1513 sqq.

443 1542 745 1612 Colonos
793 1541 1048 1608 Atticos
1098 1539 1455 1626 Sigeenses
1526 1541 1580 1606 si
1651 1541 1718 1604 in
1769 1538 1944 1604 bello
1990 1538 2227 1622 Jonico
2272 1536 2512 1620 Jonum
2577 1535 2787 1601 fuisse

226 1653 456 1718 socios
506 1652 770 1729 statuis,
844 1668 881 1715 a
933 1648 1156 1716 Persis
1215 1667 1363 1714 cum
1416 1648 1647 1714 lonum
1698 1651 1838 1713 tum
1887 1644 2400 1712 Atheniensium
2451 1647 2610 1709 tune
2664 1643 2790 1707 ini-

227 1759 610 1825 micissimis
682 1757 1073 1824 interfectos
1143 1761 1258 1822 aut
1332 1756 1656 1838 expulsos
1751 1772 1922 1833 esse,
2013 1757 2127 1819 aut
2203 1753 2256 1818 si
2332 1747 2694 1834 Sigeenses
2751 1767 2788 1815 a

225 1865 671 1933 Pisistratidis
720 1869 1064 1948 permotos
1112 1865 1312 1930 etiam
1362 1881 1481 1947 per
1539 1863 1744 1929 lonici
1796 1863 1953 1928 belli
2003 1877 2224 1926 annos
2273 1858 2497 1925 Persis
2546 1858 2792 1924 fideles,

223 1974 435 2040 fuisse
485 1974 747 2052 statuis,
797 1973 884 2037 ab
933 1970 1460 2038 Atheniensibus
1508 1972 1676 2054 ipsis
1726 1974 1796 2036 ut
1841 1968 2412 2035 Pisistratidarum
2460 1966 2793 2032 amicissi-
2866 2030 2871 2035 .

226 2099 374 2147 mos
423 2085 578 2163 post
622 2098 872 2145 annum
920 2081 1053 2146 479
1101 2079 1429 2162 expulsos
1472 2095 1621 2144 esse
1670 2076 2101 2144 statuendum
2151 2079 2271 2142 est.

442 2186 696 2256 Contra
745 2191 898 2271 post
947 2205 1196 2252 annum
1244 2187 1376 2252 479
1421 2184 1870 2252 Athenienses
1920 2185 2156 2250 iterum
2206 2182 2492 2248 colonos
2518 2177 2789 2265 Sigeum

225 2296 592 2361 deduxisse
663 2297 774 2360 vix
856 2297 1055 2360 statui
1124 2297 1380 2376 potest:
1457 2294 1585 2358 iam
1638 2289 1874 2358 Sestus
1923 2293 2026 2356 est
2073 2288 2607 2367 Atheniensium,
2660 2290 2789 2354 iam

223 2403 611 2486 Mytilenaei
643 2402 1218 2486 Lampsacenique
1250 2398 1758 2466 Atheniensium
1809 2402 1966 2464 sunt
2015 2397 2208 2463 amici
2238 2398 2564 2482 sociique,
2616 2414 2795 2482 quos

232 2536 643 2544 ———-——-

227 2597 557 2653 Herodotus
597 2597 645 2651 V
685 2601 768 2651 94.
809 2592 892 2651 95.
973 2596 1126 2651 Haec
1176 2595 1366 2650 omnia
1415 2597 1614 2665 urguet
1663 2597 1719 2651 et
1768 2593 2022 2651 defendit
2061 2592 2370 2650 Belochius
2427 2607 2568 2648 mus.
2612 2592 2790 2651 Rhen.
2897 2595 2901 2601 '

225 2691 313 2751 45,
352 2690 456 2742 465
497 2702 624 2756 sqq.
664 2690 751 2751 50,
791 2690 895 2742 255
935 2701 1059 2756 sqq.
1139 2687 1588 2755 interpretemur.
1619 2688 1680 2740 ut
1720 2686 1844 2740 vult
1883 2684 2207 2749 BelochiuS,
2266 2683 2617 2740 Herodotum
2659 2683 2789 2738 solo

228 2791 261 2831 e
302 2775 614 2832 Herodoto,
693 2776 762 2831 Et
801 2776 816 2830 l
860 2779 929 2831 20
968 2778 1023 2832 et
1063 2776 1111 2830 V
1151 2780 1219 2831 92
1260 2775 1625 2831 Periandrum
1667 2773 2016 2831 Corinthium
2058 2774 2356 2843 aequalem
2398 2772 2579 2828 fuisse
2606 2772 2791 2827 Thra-

229 2867 420 2935 sybuli
459 2866 679 2935 tyranni
718 2865 1073 2921 Milesiorum
1114 2865 1285 2920 tradit
1325 2865 1669 2921 Herodotus.
1750 2864 1858 2929 Qui
1881 2864 2282 2933 Thrasybulus
2305 2861 2601 2918 Herodoto
2642 2864 2791 2918 teste

228 2956 245 3010 1
289 2960 359 3009 20
398 2971 507 3025 sqq
548 2955 820 3025 regnavit,
879 2969 993 3023 quo
1045 2958 1303 3022 tempore
1342 2952 1606 3024 Alyattes
1647 2953 1932 3023 Lydorum
1993 2968 2091 3009 rex
2149 2953 2362 3009 bellum
2422 2951 2603 3021 gessit
2664 2965 2789 3005 cum

230 3044 472 3100 Milesiis
513 3044 707 3114 primis
746 3059 850 3099 sex
888 3043 1050 3099 annis
1091 3041 1339 3118 Alyattis
1388 3043 1537 3112 regis
1577 3044 1594 3098 1
1640 3046 1722 3108 18,
1781 3044 1811 3097 i.
1865 3058 1910 3099 e.
1963 3043 2120 3098 nullo
2171 3042 2346 3097 modo
2398 3043 2534 3111 post
2583 3056 2790 3098 annum

228 3139 334 3189 600
372 3149 419 3190 a.
462 3133 552 3191 C.:
592 3134 627 3188 1.
670 3138 752 3188 25.
795 3139 878 3188 86.
959 3132 1233 3203 (Alyattis
1282 3134 1580 3203 aequalem
1623 3132 1989 3188 Periandrum
2030 3131 2212 3187 fuisse
2252 3131 2582 3188 Herodotus
2623 3132 2789 3188 etiam

229 3223 313 3279 lll.
363 3228 432 3278 48
474 3239 600 3293 sqq.
644 3222 928 3294 testatur).
989 3254 1053 3261 -
1113 3223 1372 3292 Hippiam
1432 3236 1581 3278 anno
1620 3226 1729 3277 490
1774 3222 1827 3276 in
1867 3220 2056 3276 Attica
2096 3220 2289 3276 Persis
2347 3221 2549 3277 ducem
2609 3220 2790 3277 fuisse

231 3316 417 3369 narrat
457 3312 784 3368 Herodotus
825 3312 911 3368 Vl.
958 3318 1055 3367 107
1097 3327 1205 3382 sqq
1219 3330 1232 3378 ;
1273 3312 1422 3367 unde
1460 3327 1574 3365 non
1614 3315 1745 3368 ante
1784 3325 1989 3366 annum
2030 3316 2135 3365 550
2172 3309 2524 3366 Pisistratum
2555 3310 2793 3381 Hippiae

230 3402 381 3458 fratri
441 3401 830 3471 Hegesistrato
890 3401 1116 3470 Sigeum
1174 3402 1479 3457 tradidisse
1538 3401 1806 3470 sequitur.
1870 3429 1937 3439 —
1999 3398 2056 3455 Si
2126 3400 2216 3455 vis
2274 3400 2572 3470 perpaucis
2630 3400 2793 3455 annis

230 3495 359 3548 ante
417 3506 621 3547 annum
679 3496 785 3545 600
843 3490 1226 3555 Periandrum,
1295 3490 1455 3546 cuius
1513 3493 1674 3558 pater
1733 3490 1957 3559 triginta
2018 3503 2201 3544 annos
2269 3489 2525 3559 regnavit
2582 3490 2788 3545 Herod.

232 3582 298 3646 V,
348 3586 434 3646 92,
500 3596 731 3651 regnum
791 3580 1001 3646 iniisse,
1060 3580 1361 3649 perpaucis
1424 3579 1587 3635 annis
1651 3582 1787 3649 post
1843 3593 2049 3633 annum
2107 3583 2214 3632 550
2261 3579 2501 3634 eundem
2563 3578 2792 3635 Perian-

232 3673 393 3726 drum
460 3686 658 3740 pacem
702 3671 1127 3727 Atheniensium
1186 3673 1242 3726 et
1290 3670 1766 3740 Mytilenaeorum
1836 3668 2241 3736 composuisse
2305 3669 2613 3737 statimque
2675 3668 2792 3726 fere

234 3765 370 3830 post
410 3764 691 3815 mortuum
742 3775 875 3816 esse
916 3775 946 3815 e
986 3760 1281 3815 Herodoto
1342 3762 1580 3815 statuas.
1677 3759 1886 3814 Verum
1945 3758 2055 3812 hoc
2095 3761 2211 3813 est:
2270 3758 2545 3814 Herodoti
2603 3759 2793 3814 omnia

233 3852 457 3919 praeter
496 3850 544 3904 V
602 3851 765 3920 94l95
823 3851 895 3906 de
954 3849 1258 3905 Periandro
1312 3848 1637 3905 testimonia
1697 3847 1761 3919 (l.
1802 3851 1885 3903 20.
1947 3848 2029 3903 lll.
2080 3853 2149 3903 48
2207 3863 2332 3917 sqq.
2394 3847 2457 3902 V.
2498 3847 2592 3919 92)
2653 3848 2790 3904 illud

232 3939 517 3996 Periandri
590 3940 851 3996 iudicium
926 3940 1294 4010 Hegesistrati
1372 3942 1689 4008 temporum
1765 3937 1945 3994 fuisse
2010 3937 2303 3994 Herodoto
2380 3951 2489 3992 nos
2564 3938 2794 3995 credere

231 4031 443 4094 vetant,
503 4029 831 4085 Herodotus
889 4044 953 4085 se
1010 4030 1134 4098 ipse
1192 4027 1411 4084 refutat.
1508 4028 1655 4098 Ergo
1726 4043 1918 4083 verum
1987 4030 2078 4084 est
2143 4027 2299 4096 quod
2348 4029 2403 4083 et
2463 4026 2791 4084 Herodotus

233 4122 289 4175 et
347 4119 699 4188 posteriores
758 4115 949 4187 (Diog.
1010 4118 1188 4175 Laert.
1250 4119 1284 4173 1.
1344 4122 1427 4173 95.
1469 4121 1552 4173 98.
1614 4117 1848 4174 Aristot.
1918 4117 2074 4186 polit.
2146 4131 2198 4185 p.
2262 4121 2400 4171 1315
2439 4117 2491 4172 b.
2553 4120 2622 4171 22
2662 4132 2788 4187 sqq.

232 4207 397 4279 Diog.
460 4208 636 4263 Laert.
698 4209 732 4263 1.
790 4212 843 4273 4,
901 4212 982 4262 79.
1079 4208 1246 4263 Arist.
1319 4209 1432 4277 pol.
1485 4208 1567 4263 lll.
1633 4212 1698 4262 14
1758 4223 1809 4277 p.
1875 4211 2009 4262 1285
2040 4221 2073 4262 a
2136 4211 2206 4262 37
2238 4221 2365 4276 sqq.
2461 4206 2667 4262 Euseb.
2729 4208 2787 4262 ll.

230 4303 300 4355 92
340 4297 495 4369 Sch.)
539 4297 901 4353 Periandrum
944 4296 1220 4353 Pittacum
1262 4296 1534 4353 Alcaeum
1585 4300 1828 4354 exeunte
1876 4311 2026 4352 saec.
2069 4296 2182 4351 Vll.
2234 4295 2461 4352 ineunte
2503 4309 2653 4351 saec.
2697 4296 2787 4351 Vl.

231 4387 446 4443 vixisse
504 4389 772 4443 statuunt.
803 4403 866 4456 ‚v.
907 4401 952 4443 e.
994 4401 1073 4455 gr.
1150 4386 1444 4456 Meyerum
1487 4385 1701 4443 Gesch.
1740 4387 1791 4441 d.
1835 4386 2031 4441 Altert.
2075 4386 2133 4441 ll.
2177 4384 2217 4455 ξ
2257 4389 2363 4439 402
2401 4387 2516 4440 not.
2560 4382 2647 4455 ἐξ
2685 4388 2792 4442 398

229 4482 352 4534 393.
