3426 5306
1298 579 1722 641 -49-

235 807 421 856 anno
470 790 567 856 tit.
618 788 750 855 259
796 789 974 856 3250
1021 785 1394 868 drac'hmas3
1447 784 1607 872 (257
1658 803 1970 877 numerus
2017 787 2471 854 drachmarum
2521 806 2655 854 non
2704 792 2806 855 est

237 896 606 983 servatus;)
701 897 858 962 dant
949 895 1300 962 Thrambei
1395 913 1572 961 anno
1665 895 1752 960 27
1845 895 2523 980 antecedentibusque
2615 896 2807 962 annis

244 1006 421 1073 1000
497 1005 863 1084 drachmas,
936 1022 1114 1070 anno
1191 1004 1280 1070 tit.
1363 1002 1495 1069 259
1572 1003 1740 1069 1085
1812 1002 2188 1082 drachmas;
2262 1003 2418 1069 dant
2475 1002 2807 1069 Aeneatae

237 1130 421 1179 anno
470 1113 555 1177 27
613 1112 1291 1195 antecedentibusque
1351 1112 1543 1177 annis
1600 1111 1719 1177 tria
1765 1109 2027 1189 talenta,
2087 1127 2263 1177 anno
2312 1111 2400 1177 tit.
2453 1110 2584 1177 259
2640 1112 2807 1179 1000

233 1224 489 1288 tantum
550 1219 927 1298 drachmas;
998 1218 1154 1285 dant
1212 1216 1448 1286 Sanaei
1506 1236 1684 1284 anno
1742 1218 1828 1283 27
1887 1218 2559 1303 antecedentibusque
2616 1219 2860 1285 annis·

239 1346 444 1394 unum
493 1327 830 1405 talentum,
890 1344 1065 1393 anno
1114 1327 1204 1392 tit.
1258 1327 1390 1393 259
1446 1326 1615 1393 1000
1662 1328 1913 1392 tantum
1962 1326 2327 1393 drachmas.
2438 1325 2629 1393 Unde
2679 1327 2804 1392 iam

238 1440 399 1503 ante
459 1435 777 1503 Brasidae
825 1433 1172 1501 Thraciam
1233 1434 1719 1517 expeditionem
1770 1432 2167 1500 Toronaeos
2215 1430 2585 1501 Scionaeos
2639 1433 2808 1501 alios

242 1544 581 1611 nescimus
646 1543 987 1628 quomodo
1059 1541 1433 1621 rebellasse,
1503 1541 1744 1607 deinde
1805 1559 2029 1606 eorum
2089 1542 2328 1607 tributa
2386 1545 2578 1608 aucta
2635 1559 2805 1620 esse,

241 1652 372 1717 hac
420 1669 689 1736 quoque
739 1651 821 1716 de
870 1668 1069 1717 causa
1117 1667 1238 1716 eos
1285 1650 1369 1715 ad
1421 1648 1761 1714 Brasidam
1811 1647 2136 1715 defecisse
2186 1651 2495 1733 sequitur.

462 1756 536 1827 C.
587 1758 640 1842 J.
691 1757 766 1824 A.
821 1758 860 1824 l.
913 1758 1045 1825 259
1103 1758 1367 1824 exhibet
1423 1756 1688 1841 plenum
1741 1755 2123 1822 laterculum
2172 1754 2600 1822 Thraciarum
2651 1757 2810 1822 civi-

240 1869 481 1944 tatum;
532 1866 772 1932 desunt
825 1863 898 1933 C.
947 1866 1000 1950 J.
1054 1864 1128 1931 A.
1184 1865 1226 1930 1.
1277 1865 1410 1931 259
1458 1882 1706 1942 eorum,
1758 1865 1868 1948 qui
1919 1881 2096 1928 anno
2136 1864 2266 1929 257
2317 1861 2808 1948 (prioribusque

134 2038 141 2045 .
240 1972 468 2059 annis)
535 1973 782 2039 tributa
829 1972 1007 2051 dant,
1066 1972 1461 2056 Neopolitae
1526 1972 1611 2037 ad
1670 1969 2040 2037 Antisaram
2102 1971 2475 2037 habitantes
2533 1970 2808 2056 Bergaei

241 2079 562 2164 Galepsii.
661 2078 854 2158 Quos
900 2098 1076 2145 anno
1126 2079 1291 2146 tituli
1340 2080 1471 2145 259
1518 2083 1628 2145 aut
1676 2080 1804 2144 iam
1854 2078 2180 2145 defecisse
2223 2082 2332 2145 aut
2365 2081 2537 2144 certe
2567 2079 2809 2147 tributa

242 2190 407 2254 dare
464 2189 590 2254 iam
652 2187 946 2253 noluisse
1005 2189 1330 2272 sequitur:
1393 2185 1722 2271 (inprimis
1770 2184 2068 2269 Galepsii
2117 2185 2507 2252 Thasiorum
2568 2185 2806 2265 coloni,

243 2297 376 2362 iam
437 2299 793 2378 antequam
852 2295 935 2359 ad
996 2293 1336 2359 Brasidam
1396 2294 1731 2372 deficiunt,
1790 2292 1997 2358 Thuc.
2059 2292 2161 2359 IV.
2231 2292 2441 2372 107,3,
2499 2293 2807 2359 tributum

245 2421 384 2469 non
435 2400 647 2487 dant.)
744 2401 938 2469 Unde
985 2405 1262 2486 apparet
1312 2399 1385 2469 C.
1436 2401 1488 2485 J.
1540 2399 1615 2466 A.
1671 2402 1712 2466 Ι.
1764 2401 1893 2466 257
1944 2418 2093 2467 esse
2142 2402 2293 2466 anni
2342 2402 2429 2467 28
2478 2398 2807 2486 (427126),

245 2509 325 2579 C.
374 2510 427 2595 J.
479 2508 552 2574 A.
608 2510 648 2574 Ι.
701 2509 832 2575 259
882 2527 1031 2576 esse
1080 2510 1233 2575 anni
1284 2510 1370 2575 29
1419 2507 1772 2595 (426125).

463 2616 803 2684 Annorum
861 2618 1072 2684 1—29
1131 2616 1494 2704 (454153-
1543 2615 1821 2703 426125)
1869 2618 2432 2704 sexagesimarum
2480 2615 2807 2683 titulorum

244 2728 545 2793 omnium
597 2725 891 2792 ordinem
943 2743 1115 2792 nunc
1164 2727 1290 2792 iam
1342 2727 1606 2792 scimus.
