3426 5306
1296 566 1548 632 -'29
1639 604 1721 615 ..-

216 778 497 846 canda²⁶
547 777 619 848 C.
669 779 720 863 J.
773 778 848 844 A.
902 779 944 844 Ι.
995 779 1145 845 314.
1196 778 1345 843 315.
1399 779 1551 855 316,
1609 778 1661 862 J.
1715 776 1795 846 G.
1849 777 1923 844 A.
1978 779 2019 845 Ι.
2074 778 2294 863 suppl.
2343 790 2409 862 p.
2463 780 2548 844 77
2600 766 2794 847 num.

213 888 335 954 331
397 886 501 953 d2⁷
547 889 705 953 dant
734 887 1210 970 ‹sexagesimas
1257 886 1645 952 tributorum
1696 887 2032 953 sociorum
2084 887 2121 952 i.
2151 905 2209 953 e.
2235 885 2539 972 singulas
2571 887 2785 955 minas

215 994 635 1081 singulorum
684 995 903 1060 tributi
955 993 1368 1060 talentorum.
2570 1000 2573 1002 ’

435 1121 547 1187 Eis
602 1120 1038 1204 temporibuS‚
1107 1120 1350 1205 quibus
1397 1122 1736 1187 sociorum
1786 1121 2106 1187 aerarium
2158 1118 2306 1186 Deli
2358 1120 2590 1200 fuerat,
2666 1138 2784 1204 pe-

218 1229 452 1295 cunias
501 1230 567 1293 in
596 1227 1225 1295 Hellenotamiarum
1274 1229 1529 1294 aerario
1580 1229 1879 1295 residuas
1931 1246 2064 1294 non
2115 1229 2198 1294 ad
2250 1228 2499 1312 templa
2548 1228 2785 1298 aedifi-

217 1337 457 1414 canda,
537 1335 696 1402 talia
776 1338 1079 1418 sumptas
1159 1353 1307 1402 esse
1385 1339 1685 1420 apparet,
1769 1337 1902 1401 imo
1974 1337 2038 1401 in
2111 1337 2443 1402 sociorum
2506 1333 2784 1405 Deliaco

216 1445 474 1510 aerario
527 1444 848 1527 pecunias
897 1446 1196 1510 servatas
1243 1461 1393 1510 esse
1441 1445 1576 1510 veri
1627 1448 1726 1510 est
1776 1445 2007 1510 simile.
2104 1443 2517 1510 Thesaurum
2568 1445 2782 1510 socie-

216 1553 378 1617 tatis
426 1551 705 1616 fundare
756 1551 1134 1617 decrevisse
1169 1553 1399 1617 socios
1437 1571 1620 1618 anno
1667 1553 1913 1633 478s77
1966 1570 2188 1617 nonne
2238 1555 2335 1618 est
2380 1551 2785 1620 verisimile?

217 1659 388 1724 lllud
438 1656 786 1724 Deliacum
848 1664 1136 1739 ταμιεῖον
1181 1657 1391 1724 Thuc.
1445 1660 1486 1725 1.
1537 1661 1644 1740 96,
1696 1662 1856 1743 quin
1909 1664 1970 1727 et
2021 1661 2362 1726 societatis
2401 1661 2783 1740 aerarium

219 1765 559 1851 publicum
582 1764 1128 1852 (Reichskasse)
1180 1770 1239 1832 et
1289 1768 1629 1834 societatis
1674 1769 2096 1834 thesaurus
2147 1767 2453 1851 publicus
2478 1765 2786 1855 (Reichs-

217 1872 589 1959 schatz)²8
635 1872 845 1951 fuerit,
898 1891 1033 1939 non
1083 1877 1310 1958 potest
1361 1876 1661 1941 dubitari.
1759 1875 1994 1958 Neque
2064 1877 2130 1940 in
2180 1875 2558 1943 thesaurum
2610 1876 2787 1942 soci-

218 1999 410 2047 orum
487 1982 610 2047 nisi
660 1982 1049 2047 tributorum
1101 1984 1439 2048 sociorum
1491 2002 1662 2067 quae
1723 1984 2086 2066 quotannis
2135 1985 2548 2063 restitissent,
2599 1985 2787 2068 quic-

219 2107 423 2175 quam
473 2089 855 2155 translatum
906 2107 1056 2156 esse
1107 2094 1293 2157 estne
1341 2091 1816 2158 statuendum?
1864 2089 2104 2160 Socios
2153 2109 2284 2157 una
2336 2109 2482 2157 cum
2510 2089 2787 2158 Atheni-

219 2198 495 2264 ensibus
574 2199 657 2262 ad
732 2197 1291 2284 Eurymedontem
1371 2199 1456 2264 ad
1530 2198 1855 2283 Aeginam
1937 2201 2000 2264 in
2050 2198 2360 2283 Aegypto
2433 2199 2785 2265 dimicasse

220 2305 418 2371 tradit
467 2304 918 2390 Thucydides.
1016 2290 1147 2389 (Ad
1186 2304 1565 2389 Tanagram
1618 2324 1749 2370 non
1787 2303 2101 2371 Deliacae
2149 2306 2490 2372 societatis
2539 2307 2785 2385 socios,

220 2413 339 2479 sed
393 2413 792 2478 continentis
827 2409 1149 2479 Graeciae
1199 2413 1426 2478 socios
1474 2414 1511 2477 i.
1565 2432 1618 2478 e.
1672 2417 1933 2497 praeter
1963 2412 2334 2479 Thessalos
2383 2416 2446 2479 et
2479 2411 2785 2497 ArgivoS‚

219 2537 398 2605 quos
452 2521 750 2585 nominat
801 2518 1253 2604 Thucydides,
1305 2522 1606 2603 inprimis
1631 2522 2072 2605 Megarenses
2121 2559 2204 2601 «-
2254 2523 2362 2584 καὶ
2410 2518 2536 2584 τῶν
2582 2514 2790 2584 ἄλλων

219 2624 570 2710 ξυμμάχων
618 2621 703 2703 ὠς
753 2619 1007 2691 ἕκαστοι
1054 2626 1354 2715 Thucyd.
1407 2667 1490 2675 —
1541 2627 1985 2697 Athenienses
2055 2630 2301 2696 iuvisse
2361 2629 2786 2697 statuendum

113 2817 127 2824 θ
219 2735 378 2823 est.)
473 2735 574 2801 Ad
644 2736 919 2802 Eionem
988 2733 1264 2823 Scyrum
1339 2735 1692 2822 Carystum
1743 2737 2002 2803 Naxum
2052 2738 2348 2804 Thasum
2401 2724 2789 2822 Cecrypha-

221 2845 395 2910 leam
447 2845 672 2910 socios
723 2848 895 2911 certe
945 2844 1310 2909 nonnullos
1338 2842 1654 2911 Deliacae
1703 2846 2044 2911 societatis
2091 2844 2389 2912 adfuisse
2437 2864 2557 2929 pro
2603 2849 2787 2924 certo

219 2956 323 3018 est
374 2952 774 3029 habendum,
829 2969 975 3016 cum
1028 2952 1386 3037 Byzantios
1433 2952 1743 3036 aliosque
1790 2971 1920 3018 una
1970 2971 2117 3019 cum
2153 2952 2674 3020 Atheniensibus
2722 2955 2787 3018 in

225 3058 660 3129 Chersoneso
722 3058 1008 3124 Thracia
1081 3059 1438 3125 dimicasse
1487 3060 1669 3125 brevi
1720 3064 1875 3126 ante
1926 3060 2182 3126 cladem
2230 3062 2316 3127 ad
2370 3058 2787 3127 Drabescum

220 3171 579 3250 acceptam
631 3170 895 3233 constet
944 3167 1136 3233 titulo
1192 3165 1266 3236 C.
1316 3167 1368 3251 J.
1421 3166 1497 3232 A.
1550 3167 1593 3232 1.
1642 3168 1794 3233 432.
1893 3167 2188 3233 Praedae
2247 3172 2501 3252 partem
2552 3172 2616 3234 et
2668 3187 2787 3252 pe-

222 3276 455 3341 cunias
504 3276 567 3340 in
620 3274 785 3340 haec
833 3274 1009 3340 bella
1060 3278 1361 3358 sumptas
1410 3292 1557 3340 cum
1606 3277 1822 3342 usuris
1856 3276 2149 3342 redditas
2180 3293 2219 3341 a
2254 3277 2449 3342 victis
2482 3276 2788 3342 hostibus

221 3383 450 3448 socios
524 3382 587 3445 in
661 3383 1038 3447 thesaurum
1108 3383 1521 3448 transtulisse
1596 3401 1819 3449 nonne
1894 3387 1990 3450 est
2065 3383 2540 3450 statuendum?
2611 3381 2786 3452 Sane

221 3493 475 3574 partem
528 3493 835 3573 sumptus
885 3490 1329 3572 expeditionis
1365 3488 1823 3575 Aegyptiacae
1873 3510 1953 3556 ex
2003 3493 2260 3557 aerario
2296 3490 2571 3557 Deliaco
2622 3493 2785 3558 socii

219 3601 665 3681 sumpserunt,
740 3599 857 3665 sed
931 3600 1183 3681 partem
1236 3635 1318 3644 —
1370 3616 1503 3664 non
1572 3601 1796 3682 potest
1867 3599 1950 3665 de
2022 3599 2149 3665 hac
2225 3617 2291 3665 re
2363 3599 2643 3666 dubitari
2697 3635 2778 3646 —

233 3749 644 3759 ———-——-—

233 3904 249 3909 -
437 3834 521 3884 26.
557 3830 869 3886 Mnesicles
919 3829 1239 3900 Propylaea
1286 3830 1588 3886 aedificare
1635 3830 1826 3900 coepit
1863 3829 2208 3901 Euthymene
2255 3831 2522 3887 archonte
2561 3833 2785 3902 437l363

221 3919 466 3976 testibus
516 3919 580 3977 C.
628 3920 673 3992 J.
725 3920 788 3975 A.
838 3919 872 3975 1.
921 3923 1043 3986 314,
1095 3919 1435 3976 Philochoro
1494 3920 1672 3990 (apud
1723 3920 2227 3991 Harpocrationem
2286 3937 2338 3991 p.
2381 3925 2481 3978 159
2539 3920 2661 3989 Bk.)
2719 3921 2789 3978 cf.

223 4009 364 4066 Plut.
404 4008 600 4065 Pericl.
643 4015 724 4066 13.
1081 4010 1086 4016 '

437 4104 523 4154 27.
562 4100 788 4156 Titulos
835 4101 878 4172 J.
919 4099 990 4158 G.
1032 4100 1096 4155 A.
1137 4100 1171 4156 1.
1213 4101 1399 4171 suppl.
1449 4115 1597 4156 num.
1646 4103 1746 4157 331
1791 4101 1845 4156 d.
1885 4102 1939 4156 et
1978 4100 2040 4157 C.
2079 4101 2122 4173 J.
2165 4099 2229 4157 A.
2270 4100 2303 4154 l.
2344 4105 2448 4157 316
2498 4100 2788 4171 ingeniose

220 4204 517 4247 connexos
573 4192 786 4260 partem
855 4203 987 4245 esse
1033 4191 1173 4247 tituli
1223 4190 1286 4247 C.
1322 4191 1364 4263 J.
1397 4189 1463 4247 A.
1507 4190 1544 4244 l.
1600 4192 1835 4260 3l4l315
1893 4192 2166 4261 cognovit
2220 4190 2529 4247 Bannierus
2587 4190 2788 4246 Athen.

220 4280 439 4337 Mitteil.
480 4284 564 4346 27,
612 4284 763 4346 1902,
807 4296 858 4350 p.
898 4284 1002 4337 302
1042 4295 1169 4351 sqq.
2545 4271 2552 4274 ’

434 4375 519 4426 28.
561 4370 633 4426 Ut
689 4372 843 4439 quod
902 4370 1141 4426 dicimus
1198 4371 1398 4438 Kasse‚
1460 4371 1746 4428 vocabulo
1797 4371 2010 4436 aerarii,
2070 4372 2225 4444 quod
2266 4370 2506 4430 dicimus
2561 4370 2782 4440 Schatz,

220 4461 507 4522 vocabulo
546 4461 793 4520 thesauri
833 4463 1065 4520 vertam.
