3426 5306
1320 560 1743 653 -37'-

471 797 638 868 Cum
711 816 873 865 usus
944 798 1026 865 sit
1101 795 1410 866 Craterus
1478 783 1767 863 Macedo
1834 798 1898 862 in
1974 793 2414 884 ψηφισμάτων
2491 789 2814 885 συναγωγῇ

248 908 633 974 tributorum
688 924 929 973 census
976 906 1347 984 decretis,
1400 903 1646 972 Crateri
1692 904 1816 989 frg.
1867 906 1927 970 2.
1980 903 2341 992 (Muelleri)
2390 908 2541 972 anni
2600 908 2677 973 12
2722 910 2821 973 est

250 1015 577 1102 (443l'42),
653 1033 801 1080 nam
873 1015 1025 1079 anni
1113 1014 1190 1078 12
1262 1031 1503 1079 census
1568 1013 1898 1079 decretum
1959 1012 2173 1079 solum
2233 1015 2526 1079 omnium
2587 1016 2816 1081 horum

251 1126 662 1191 decretorum
755 1123 992 1188 lemma
1069 1117 1354 1208 Καρικὸς
1421 1116 1620 1207 φόρος
1695 1139 1735 1186 a
1807 1119 2077 1188 Cratero
2155 1121 2416 1188 allatum
2498 1123 2817 1202 exhibuit:

251 1251 431 1299 anno
508 1233 604 1311 16,
671 1231 937 1309 439138,
1009 1247 1144 1313 quo
1212 1233 1367 1313 post
1434 1229 1584 1294 anni
1661 1229 1741 1294 12
1813 1246 2083 1299 censum
2151 1248 2366 1297 novus
2423 1218 2672 1297 census
2722 1234 2821 1297 est

253 1341 536 1418 habitus,
607 1340 735 1405 iam
805 1355 936 1403 non
1006 1338 1248 1404 exstitit
1307 1332 1592 1422 Καρικὸς
1653 1331 1870 1422 φόρος.
1986 1335 2255 1406 Cratero
2312 1339 2480 1404 teste
2541 1338 2817 1404 dubitari

252 1466 388 1514 non
461 1447 628 1526 licet,
703 1447 859 1530 quin
921 1443 1192 1514 Caricae
1265 1446 1645 1529 provinciae
1693 1444 2041 1511 laterculus
2112 1446 2176 1511 in
2245 1464 2488 1513 census
2553 1446 2817 1513 decreto

251 1557 405 1622 anni
455 1552 700 1628 ‘443552
749 1554 931 1620 initio
982 1553 1144 1619 haec
1193 1554 1582 1619 exhibuerit:

1274 1675 1558 1762 Καρικὸς
1608 1675 1807 1764 φόρος

1274 1792 1505 1872 Δῶρος

1272 1894 1650 1981 Φασηλῖται.
1766 1890 1774 1896 ’

472 2025 541 2090 ln
600 2025 1160 2109 sexagesimamm
1219 2023 1370 2088 anni
1450 2023 1696 2109 443s42
1753 2022 1939 2088 titulo
2019 2022 2215 2088 alium
2275 2024 2570 2089 ordinem
2634 2021 2819 2092 Cari-

255 2151 475 2199 carum
550 2133 878 2198 civitatum
949 2134 1147 2215 atque
1206 2130 1270 2194 in
1344 2147 1632 2195 census
1703 2129 1968 2195 decreto
2029 2130 2221 2196 huius
2278 2132 2430 2196 anni
2492 2132 2822 2197 exstitisse

253 2243 571 2308 docemur
638 2241 729 2304 tit.
791 2237 866 2306 C.
924 2238 977 2323 J.
1038 2235 1113 2301 A.
1179 2237 1219 2302 l.
1283 2238 1432 2319 237.
1552 2235 1775 2302 Dorus
1846 2238 2003 2319 quin
2076 2239 2157 2303 sit
2227 2237 2383 2302 illud
2451 2237 2821 2304 Phoenices

256 2346 645 2433 oppidum,5
723 2364 856 2411 non
907 2348 1127 2428 potest
1207 2344 1507 2421 dubitari,
1589 2361 1735 2408 cum
1804 2347 1959 2427 post
2033 2341 2192 2409 Dori
2269 2363 2511 2411 nomen
2579 2362 2820 2412 census

253 2457 585 2522 decretum
645 2454 950 2520 exhibeat
1008 2452 1377 2536 proximum
1410 2450 1779 2516 phaselidis
1837 2470 2079 2517 nomen
2106 2453 2337 2536 oppidi
2399 2454 2463 2517 in
2514 2454 2820 2520 extremis

253 2562 754 2630 Atheniensium
782 2561 1033 2644 imperii
1064 2560 1360 2643 partibus
1387 2560 1552 2624 sicut
1574 2556 1797 2626 Dorus
1821 2557 2193 2627 Phoenices
2219 2561 2340 2626 siti.
2371 2560 2605 2646 Neque
2626 2561 2819 2627 dubi-

251 2674 369 2738 tari
395 2671 627 2756 possit,
666 2671 823 2755 quin
853 2667 1074 2736 Dorus
1096 2686 1273 2735 anno
1297 2669 1432 2735 460
1464 2667 1961 2735 Atheniensium
1991 2670 2073 2735 sit
2117 2668 2310 2749 facta,
2339 2688 2473 2754 quo
2522 2688 2698 2736 anno
2735 2708 2817 2717 -

256 2818 340 2826 -
403 2797 619 2861 neque
689 2778 823 2843 ullo
896 2778 1025 2843 alio
1076 2795 1252 2843 anno
1303 2780 1641 2860 praeterea
1700 2812 1783 2823 -
1842 2775 2284 2844 Athenienses
2355 2779 2418 2843 in
2487 2776 2818 2845 Phoenice

256 2889 719 2972 pugnaverunt
784 2888 949 2951 teste
1008 2885 1457 2951 Erechtheidis
1513 2888 1915 2950 mortuorum
1976 2885 2159 2950 titulo
2223 2885 2567 2969 sepulcrali
2631 2884 2705 2955 C.
2762 2887 2814 2972 J.

254 2994 331 3060 A.
386 2994 427 3059 l.
479 2994 630 3059 433.
738 2991 1006 3058 Doritas
1057 3003 1413 3073 numquam
1462 2992 1766 3057 tributum
1818 2991 2101 3058 solvisse
2150 2994 2338 3059 statui
2394 3011 2527 3059 non
2578 2998 2815 3078 potest,

255 3120 403 3169 cum
455 3100 828 3167 Phoenices
886 3100 1208 3164 civitatem
1271 3116 1403 3164 non
1464 3099 1878 3164 censuissent
1926 3098 2386 3177 Athenienses,
2446 3102 2500 3167 si
2551 3119 2618 3168 re
2665 3120 2819 3168 vera

256 3225 615 3292 numquam
688 3206 1186 3273 Atheniensium
1258 3206 1521 3285 fuisset;
1604 3203 1872 3272 Doritas
1949 3225 2124 3272 anno
2198 3208 2443 3295 443s42
2513 3209 2817 3275 tributum

255 3317 516 3384 solvere
594 3316 720 3380 iam
801 3316 1082 3381 desiisse
1159 3313 1510 3381 verisimile
1589 3318 1716 3380 est:
1798 3315 1924 3380 iam
2006 3314 2257 3381 cladem
2344 3315 2815 3402 Aegyptiacam

253 3423 697 3490 Athenienses
762 3425 1170 3505 acceperant.
1292 3420 1703 3489 Censuerunt
1769 3425 1987 3487 tamen
2056 3420 2322 3490 Doritas
2378 3423 2819 3492 Athenienses

255 3535 411 3616 post
485 3530 732 3599 Calliae
812 3548 1064 3615 pacem,
1147 3531 1312 3595 sicut
1382 3533 1535 3613 post
1608 3528 1857 3597 Calliae
1928 3547 2159 3614 pacem
2233 3531 2473 3597 multae
2545 3531 2817 3600 Caricae

254 3641 552 3706 civitates
600 3638 942 3706 Persarum
989 3638 1202 3704 factae
1250 3641 1418 3716 sunt,
1470 3639 1636 3704 sicut
1684 3641 1839 3722 post
1889 3636 2135 3707 Calliae
2185 3657 2415 3723 pacem
2460 3638 2819 3708 Athenien-

255 3766 369 3815 ses
440 3751 822 3825 metuerunt,
897 3765 978 3811 ne
1052 3746 1291 3812 Persae
1361 3746 1804 3823 adorerentur,
1882 3746 2031 3812 belli
2106 3744 2304 3813 Samii
2378 3750 2815 3832 temporibus:

252 3856 463 3922 ThuC.
518 3855 559 3921 1.
615 3856 825 3934 116,3.

254 4125 402 4183 satis
439 4126 740 4180 accuratas
778 4126 968 4179 tamen
1009 4122 1202 4179 multis
1230 4122 1375 4194 locis
1415 4121 1713 4191 perutiles:
1753 4123 1806 4178 in
1836 4122 2087 4180 Belochii
2128 4123 2279 4180 studi
2319 4123 2374 4179 di
2415 4124 2591 4180 storia
2629 4124 2816 4183 antica

358 4259 370 4270 .
437 4257 448 4269 .
523 4219 592 4269 89
633 4256 645 4268 .

254 4217 350 4272 VO!
412 4216 429 4270 ¹
469 4220 518 4358 51.
560 4220 766 4359 Statuit
807 4302 1125 4358 Koehlerus
1173 4303 1227 4357 in
1275 4303 1372 4357 illa
1422 4303 1901 4375 commentatione
1944 4303 2251 4359 Urkunden
2300 4305 2414 4359 und
2466 4303 2814 4362 Unter'such-

255 4411 443 4467 ungen
482 4409 580 4450 zur
618 4393 829 4451 Gesch.
871 4393 977 4448 des
1016 4390 1581 4448 Delisch-Attischen
1620 4391 1854 4448 Bundes
1905 4396 2205 4449 comment.
2245 4394 2406 4449 acad.
2449 4393 2634 4451 Berol.
2679 4401 2814 4451 1869

255 4503 308 4557 p.
354 4490 523 4551 121,3.
