3426 5306
1501 1393 1546 1460 1.

760 1521 1000 1592 Atticos
1051 1519 1316 1592 colonos
1364 1517 1604 1589 tributa
1651 1516 1930 1590 solvisse
1979 1521 2275 1604 negatur.

462 1686 711 1767 Quinto
782 1704 838 1752 a.
893 1683 1045 1754 Chr.
1116 1704 1175 1749 n.
1252 1683 1524 1750 saeculo
1596 1682 1815 1749 coloni
1866 1680 2058 1748 Attici
2109 1682 2220 1747 aut
2268 1682 2420 1747 sunt
2465 1677 2806 1767 κληροῦχοι

248 1799 361 1863 aut
409 1788 671 1858 ἄποικοι
718 1797 830 1860 aut
880 1790 1184 1856 snorum}
2737 1794 2744 1799 ·

479 1920 603 1986 Tit.
652 1920 704 2004 J.
757 1916 838 1986 G.
889 1917 965 1984 A.
1018 1918 1060 1984 l.
1130 1917 1348 2001 suppl.
1423 1934 1486 2000 p.
1554 1916 1678 1982 129
1728 1933 1900 1981 num.
1960 1916 2084 1981 116
2130 1934 2190 1980 ν.
2287 1920 2425 1990 ταῖς
2478 1906 2808 1989 ἀποικίαις

248 2032 357 2093 καὶ
380 2027 791 2115 κληρουχίαις
811 2027 1050 2092 diserte
1078 2026 1567 2110 distinguuntur
1591 2024 1888 2107 apoecia
1915 2023 2253 2089 cleruchis.
2307 2021 2384 2088 Et
2431 2022 2806 2088 Hestiaeam

250 2137 516 2221 quidem
565 2134 772 2201 Thuc.
824 2134 955 2201 Vll.
1006 2132 1191 2212 57,22
1237 2134 1299 2199 et
1349 2132 1655 2207 Eretriam
1709 2129 1784 2199 C.
1829 2132 1882 2216 J.
1911 2129 1987 2196 A.
2040 2130 2220 2197 1339
2268 2132 2330 2196 et
2354 2129 2807 2214 Amphipolim

250 2244 455 2310 Thuc.
509 2242 611 2309 IV.
671 2242 849 2320 102,1
909 2241 984 2306 V.
1043 2241 1110 2306 11
1193 2244 1255 2306 et
1305 2239 1534 2305 Bream
1588 2236 1662 2306 C.
1711 2238 1764 2322 J.
1817 2236 2048 2304 A.131
2107 2242 2172 2304 et
2195 2238 2445 2303 Melum
2471 2237 2677 2303 Thuc.
2731 2237 2805 2303 V.

258 2352 382 2417 116
430 2342 733 2421 ἀποικίας
781 2347 1098 2413 deductas
1146 2363 1296 2412 esse
1345 2345 1627 2411 traditur.
1728 2342 2113 2412 Cleruchiae
2163 2348 2380 2410 autem
2431 2345 2495 2408 in
2544 2344 2810 2429 Mytile-

251 2475 564 2524 naeorum
623 2473 783 2540 agro
841 2472 1020 2520 anno
1066 2454 1197 2519 427
1258 2454 1648 2519 constitutae
1695 2453 1882 2518 testis
1930 2453 2030 2518 est
2076 2451 2501 2537 Thucydides
2551 2452 2649 2518 111.
2700 2453 2806 2530 50,

251 2566 438 2631 cuius
507 2563 956 2629 testimonium
1028 2561 1322 2626 firmatur
1389 2559 1576 2625 titulo
1643 2559 1696 2643 J.
1750 2556 1831 2626 G.
1883 2557 1959 2624 A.
2013 2559 2055 2625 1.
2107 2559 2326 2643 suppl.
2379 2577 2442 2643 p.
2495 2559 2581 2624 22
2631 2578 2805 2625 num.

248 2674 355 2740 96.
453 2671 761 2756 Epoecos
810 2687 988 2736 anno
1038 2669 1159 2735 431
1218 2666 1539 2753 Aeginam
1591 2669 1840 2734 missos
1887 2684 2038 2734 esse
2087 2670 2359 2734 testatur
2382 2667 2808 2753 Thucydides

250 2780 322 2846 11.
380 2779 485 2844 27.
537 2778 696 2844 V111.
747 2778 920 2857 69,3‚
971 2793 1265 2861 epoecos
1316 2774 1908 2872 Potidaeampost
1957 2776 2237 2841 hiemem
2264 2773 2516 2861 430s'29
2564 2776 2807 2842 missos

243 2889 563 2953 testantur
609 2888 673 2952 et
719 2887 810 2951 tit.
843 2882 917 2953 C.
966 2884 1019 2968 J.
1071 2882 1147 2949 A.
1201 2884 1242 2950 1.
1294 2884 1427 2949 340
1473 2887 1536 2949 et
1583 2883 2011 2969 Thucydides
2062 2882 2110 2949 11
2161 2884 2265 2949 70.
2363 2883 2596 2968 Neque
2646 2900 2804 2950 casu

247 2995 490 3061 factum
551 2996 670 3070 est,
722 2990 903 3076 quod
963 2990 1180 3055 coloni
1236 2990 1516 3056 Lesbum
1568 2992 1750 3056 missi
1804 3009 2017 3076 neque
2066 3009 2105 3057 a
2153 2989 2540 3076 Thucydide
2593 3007 2806 3074 neque

250 3102 315 3166 in
372 3100 559 3167 titulo
619 3099 754 3164 ullo
813 3116 985 3165 saec.
1038 3097 1112 3163 V.
1164 3099 1397 3182 apoeci
1457 3102 1569 3164 aut
1625 3100 1858 3183 epoeci
1908 3098 2114 3164 fuisse
2162 3098 2283 3164 sed
2332 3097 2612 3164 cleruchi
2662 3099 2726 3164 et
2772 3117 2811 3165 a

251 3207 638 3293 Thucydide
688 3205 751 3272 et
798 3206 862 3270 in
901 3205 1101 3271 titulis
1149 3204 1465 3284 dicuntur,
1516 3209 1626 3271 aut
1681 3204 1864 3290 quod
1900 3204 2280 3271 Potidaeam
2333 3223 2465 3270 non
2514 3223 2810 3290 apoecos

249 3319 363 3382 aut
411 3315 753 3380 cleruchos
802 3313 921 3380 sed
971 3330 1267 3398 epoecos
1316 3315 1560 3380 missos
1609 3331 1760 3380 esse
1810 3317 1874 3379 et
1922 3314 2028 3380 hic
2075 3315 2137 3379 et
2186 3313 2315 3379 illic
2362 3313 2647 3392 traditur,
2698 3317 2810 3381 aut

508 3550 553 3600 1.
614 3544 946 3601 Voemelius
1003 3544 1076 3600 de
1133 3542 1456 3600 discrimine
1514 3543 1927 3600 vocabulorum
1984 3542 2266 3618 κληροῗχοε
2322 3542 2545 3603 ἄποικος
2587 3543 2813 3605 ’ἔποικος

250 3634 601 3692 Francofurti
641 3635 714 3690 ad
742 3634 1015 3690 Moenum
1055 3647 1205 3689 anno
1236 3637 1374 3690 1839
1401 3633 1602 3690 titulos
1640 3633 1693 3688 in
1734 3634 1841 3690 hac
1880 3634 2217 3704 quaestione
2244 3634 2806 3709 adhiberepnondum

251 3725 450 3795 potuit.
536 3725 736 3795 Neque
786 3722 1169 3779 Kirchhoitius
1226 3723 1318 3780 die
1366 3722 1947 3794 Tributpflichtigkeit
1996 3724 2096 3780 der
2144 3722 2439 3781 Attischen
2493 3724 2808 3782 Kleruchen

251 3817 552 3871 comment.
613 3814 807 3882 philol.
866 3813 1061 3869 histor.
1112 3813 1366 3869 academ.
1410 3813 1611 3870 Berlin.
1672 3829 1724 3883 p.
1768 3815 1804 3879 1,
1845 3829 1970 3884 sqq.
2032 3815 2169 3870 sect.
2232 3815 2435 3884 philos.
2495 3814 2621 3871 hist.
2676 3818 2813 3871 1874

251 3917 437 3973 neque
486 3903 819 3960 Foucartius
878 3902 1149 3959 memoire
1208 3918 1304 3959 sur
1361 3904 1449 3960 les
1508 3904 1767 3960 colonies
1807 3902 2193 3961 Atheniennes
2251 3919 2320 3959 au
2362 3904 2410 3958 V
2450 3904 2596 3961 ieme
2644 3909 2699 3962 et
2738 3920 2807 3960 au

252 3993 327 4049 lV
367 3992 511 4049 ieme
551 3992 725 4049 siecle
764 3993 816 4048 in
858 3992 1164 4049 memoires
1204 3993 1502 4062 presentes
1544 4008 1645 4063 par
1703 3993 1897 4050 divers
1954 3997 2193 4050 savants
2250 3994 2284 4050 a
2332 3995 2664 4051 l'academie
2703 3996 2808 4052 des

250 4082 617 4151 inscriptions
656 4083 711 4139 et
751 4082 937 4138 belles
976 4084 1174 4140 lettres
1214 4084 1293 4138 19
1338 4087 1472 4139 1878
1511 4098 1562 4152 p.
1591 4087 1696 4139 323
1728 4098 1852 4153 sqq.
1896 4098 2079 4153 neque
2107 4083 2414 4141 Belochius
2453 4098 2550 4140 zur
2576 4084 2812 4140 Finanz-

249 4171 581 4242 geschichte
621 4169 840 4227 Athens
880 4172 896 4226 Ι
939 4171 1030 4228 die
1069 4171 1533 4229 Bundessteuern
1574 4187 1717 4229 mus.
1797 4173 2042 4232 Rhenan.
2085 4178 2170 4239 39,
2209 4177 2279 4228 45
2319 4189 2444 4244 sqq.
2496 4189 2680 4243 neque
2719 4174 2810 4229 alii

249 4260 678 4318 Atheniensium
739 4261 986 4316 colonos
1026 4275 1175 4317 saec.
1220 4261 1282 4316 V.
1344 4262 1492 4318 alios
1548 4262 1729 4320 fuisse
1788 4264 2085 4320 cleruchos
2143 4263 2291 4320 alios
2347 4277 2606 4333 apoecos
2663 4264 2811 4319 alios

250 4364 508 4420 epoecos
547 4351 771 4407 docent.

500 4444 547 4495 2.
588 4440 661 4497 de
699 4455 814 4509 quo
854 4442 986 4497 loco
1027 4441 1168 4498 inira
1207 4443 1526 4498 accuratius
1565 4442 1960 4511 disputabitur.
