3426 5306
1286 587 1711 650 -33-

218 798 671 883 magistratus:
723 794 982 862 Aristot.
1018 795 1152 878 pol.
1204 793 1351 860 Ath.
1400 794 1508 872 47,
1567 795 1619 858 1.
1652 791 1726 862 C.
1779 794 1830 878 J.
1884 793 2054 885 A.fl.
2110 795 2214 860 32.
2291 794 2383 860 Ea
2411 812 2683 878 quoque
2710 794 2792 861 de

221 922 426 971 causa
485 905 548 970 in
607 922 754 970 arce
813 902 1136 987 profanas
1193 902 1518 986 pecunias
1561 904 1823 985 praeter
1869 919 2100 969 sacras
2149 902 2483 968 exstitisse
2531 902 2669 968 veri
2716 901 2792 968 fit

221 1011 456 1080 simile.

438 1119 523 1187 Ut
581 1138 761 1186 anno
817 1120 937 1186 431
1007 1120 1074 1183 in
1123 1118 1463 1185 Minervae
1524 1118 1777 1184 aerario
1839 1119 2060 1185 insunt
2122 1117 2257 1183 fere
2316 1118 2495 1186 5300
2550 1117 2796 1185 talenta

224 1229 288 1294 in
339 1228 743 1312 reliquorum
772 1228 1046 1293 deorum
1097 1225 1233 1292 fere
1276 1227 1409 1293 700
1448 1227 1693 1293 talenta
1726 1225 1785 1291 T
1789 1227 1934 1292 huc.
1976 1226 2043 1291 11.
2092 1226 2188 1291 13.
2229 1223 2303 1294 C.
2337 1225 2390 1310 J.
2427 1223 2501 1292 A.
2532 1226 2574 1291 Ι.
2613 1224 2794 1306 32³⁶,

220 1336 321 1402 sic
427 1336 492 1400 in
576 1336 774 1401 unius
844 1334 1181 1400 Minervae
1258 1334 1510 1399 aerario
1592 1335 1724 1398 iam
1796 1333 2163 1417 antiquitus
2235 1331 2580 1416 octuplum
2653 1333 2833 1427 fere

223 1444 655 1527 pecuniarum
707 1441 1004 1520 infuisse,
1055 1459 1256 1525 quam
1306 1441 1765 1508 exhibuissent
1815 1442 2040 1506 omnia
2085 1440 2487 1523 reliquorum
2521 1441 2793 1507 deorum

222 1553 473 1618 aeraria
511 1540 962 1628 ‘coniuncta³⁷‚
1014 1551 1324 1633 potestne
1373 1548 1621 1616 statui?
1644 1550 1946 1615 Minerva
1993 1550 2163 1616 arcis
2211 1552 2398 1643 estne
2444 1566 2622 1614 anno
2664 1549 2799 1616 480

220 1664 355 1726 tam
445 1676 728 1744 magnus
805 1658 1125 1741 divesque
1205 1658 1375 1724 deus
1452 1674 1651 1741 quam
1741 1656 1989 1741 Apollo
2040 1655 2411 1740 Delphicus
2486 1656 2790 1741 Juppiter

225 1765 586 1852 Olympius
633 1767 736 1831 dei
791 1764 1106 1832 orientis?
1146 1772 1151 1777 ’

441 1872 586 1939 Hoc
637 1873 814 1939 nullo
866 1873 1070 1939 modo
1118 1873 1314 1939 statui
1367 1876 1610 1956 potest.

442 1978 616 2049 Sane
673 1979 856 2047 Deae
914 1984 1304 2065 quaestores
1364 1981 1787 2065 magistratus
1845 1984 1996 2047 sunt
2058 1978 2332 2071 Solonis
2389 1981 2799 2065 temporibus

221 2090 652 2172 antiquiores
701 2088 997 2174 (Aristot.
1053 2087 1287 2155 Athen.
1340 2088 1472 2171 pol.
1500 2089 1610 2167 4,2
1644 2106 1699 2153 e.
1730 2087 1855 2174 gr.)
1904 2092 2055 2155 sunt
2104 2090 2232 2154 iam
2283 2092 2475 2156 sexto
2524 2088 2797 2177 saeculo

223 2197 451 2281 plures
510 2214 707 2281 quam
768 2198 1063 2280 quinque
1120 2198 1261 2274 viri,
1321 2199 1388 2261 ut
1444 2198 1580 2262 veri
1644 2197 1857 2262 simile
1921 2199 2042 2274 est,
2100 2196 2151 2281 J.
2204 2194 2284 2263 G.
2345 2195 2419 2262 A.
2473 2196 2514 2261 1.
2577 2195 2798 2280 suppl.

223 2322 288 2387 p.
359 2306 482 2372 199
540 2323 717 2370 num.
781 2304 1086 2381 373,238.
1183 2302 1485 2369 Attamen
1556 2303 1741 2387 quod
1801 2304 2147 2387 pecuniae,
2207 2321 2380 2387 quae
2440 2322 2475 2369 e
2535 2303 2800 2369 mulctis

226 2413 523 2490 redeunt,
583 2414 645 2477 et
701 2413 843 2477 sine
903 2410 1037 2475 ullo
1087 2410 1296 2476 dubio
1345 2410 1515 2476 aliae
1566 2429 1840 2494 quoque
1890 2411 2209 2494 pecuniae
2261 2412 2388 2476 iam
2436 2412 2802 2494 antiquitus

226 2522 292 2584 in
365 2537 584 2585 arcem
656 2519 969 2597 feruntur,
1030 2517 1324 2603 (Aristot.
1390 2517 1519 2602 pol.
1583 2517 1816 2584 Athen.
1876 2517 2041 2604 8,4,)
2114 2519 2297 2603 quod
2368 2537 2403 2584 e
2461 2519 2803 2584 Minervae

226 2629 482 2694 aerario
540 2631 606 2694 ut
653 2627 911 2694 videtur
956 2630 1108 2693 ante
1157 2643 1447 2711 pugnam
1476 2623 1900 2695 Salaminiam
1950 2644 2128 2693 anno
2177 2627 2311 2693 480
2357 2625 2801 2712 Areopagitae

227 2736 385 2801 dant
444 2736 727 2821 singulis
785 2735 1042 2801 civibus
1100 2738 1383 2801 octonas
1441 2736 1789 2801 drachmas
1846 2734 2145 2820 (Aristot.
2205 2735 2353 2802 Ath.
2414 2734 2547 2819 pol.
2598 2733 2801 2821 23,1),

226 2847 379 2911 sunt
430 2845 494 2908 in
545 2861 694 2909 arce
741 2845 1107 2926 antiquitus
1156 2842 1538 2909 nonnulla
1588 2846 1923 2909 centena
1973 2843 2238 2910 talenta.

444 2967 609 3036 Sunt
658 2968 940 3034 Isocrate
987 2971 1155 3033 teste
1203 2967 1410 3053 (anno
1457 2969 1711 3052 437s36
1759 2967 1966 3034 Thuc.
2021 2969 2090 3035 11.
2146 2970 2240 3037 13.
2281 2967 2355 3038 C.
2389 2969 2442 3054 J.
2493 2968 2570 3034 A.
2609 2968 2649 3033 1.
2687 2967 2803 3054 32)

234 3078 369 3143 duo
443 3076 623 3142 milia
693 3076 1087 3142 talentorum
1163 3076 1435 3141 deorum
1511 3093 1723 3154 sacra,
1784 3094 2061 3158 quorum
2121 3076 2396 3142 dimidia
2453 3074 2590 3141 fere
2650 3086 2805 3159 pars

229 3183 305 3252 C.
365 3185 416 3269 J.
481 3183 556 3249 A.
620 3183 662 3248 1.
713 3184 844 3250 273
915 3186 1079 3249 teste
1139 3187 1237 3249 est
1295 3183 1696 3267 reliquorum
1756 3183 2030 3250 deorum
2092 3187 2151 3249 et
2211 3182 2570 3261 Victoriae;
2643 3201 2802 3267 ergo

230 3291 406 3357 mille
455 3291 591 3356 fere
639 3291 885 3357 talenta
932 3308 1111 3356 anno
1158 3291 1412 3367 437s36
1443 3291 1786 3357 Minervae
1835 3294 1989 3357 sunt
2036 3308 2253 3370 sacra3
2304 3291 2425 3356 tria
2459 3290 2637 3356 milia
2670 3290 2805 3358 fere

225 3398 622 3465 talentorum
673 3400 760 3464 rei
813 3397 1117 3483 publicae
1167 3401 1319 3463 sunt
1366 3397 1900 3464 Atheniensium:
1976 3391 2414 3484 ἇιένήνεγκιαι
2459 3401 2526 3473 ἐς
2589 3393 2807 3470 adim

231 3509 528 3592 quinque
590 3507 768 3572 milia
816 3505 953 3572 fere
1002 3505 1392 3572 talentorum
1443 3505 1699 3589 imperii
1751 3509 1903 3572 sunt
1950 3507 2298 3589 pecuniae:
2370 3558 2384 3572 .
2440 3556 2454 3572 .
2506 3557 2520 3571 .
2574 3528 2669 3569 ειν
2714 3510 2805 3581 εἰς

230 3610 344 3701 τὴν
392 3610 580 3678 πόλιν
625 3632 934 3699 anonym.
987 3613 1251 3699 Argent.

452 3739 651 3820 Quod
710 3742 838 3805 iam
901 3758 1077 3805 anno
1125 3740 1260 3806 460
1308 3740 1625 3805 nonnulla
1677 3739 1852 3804 milia
1901 3739 2291 3805 talentorum
2357 3743 2529 3806 certe
2590 3741 2811 3807 insunt

232 3850 297 3913 in
324 3848 670 3914 Minervae
719 3849 995 3925 aerario,
1046 3847 1197 3912 inde
1246 3846 1492 3913 factum
1542 3851 1662 3925 est,
1715 3848 1895 3929 quod
1944 3848 2286 3913 Minervae
2334 3847 2809 3931 quaestoribus

229 3956 508 4023 traditus
556 3959 658 4021 est
705 3956 793 4020 rei
830 3954 1137 4039 publicae
1173 3970 1444 4038 quoque
1478 3955 1756 4020 thesau
1773 3973 1851 4019 ru
1868 3952 1984 4032 s,³8
2016 3953 2163 4039 (der
2196 3952 2805 4041 Staatsschatz);

233 4100 319 4110 ——
368 4065 625 4129 aerario
676 4063 763 4127 rei
816 4059 1197 4145 publicae³³
1252 4060 1398 4146 (der
1445 4059 1993 4147 Staatskasse)
2054 4065 2370 4145 praesunt
2421 4060 2808 4131 Colacretae

239 4215 651 4224 ———-——0

447 4299 533 4350 36.
573 4292 1001 4349 Demonstravit
1039 4291 1309 4362 Meyerus
1332 4293 1562 4349 Forsch.
1593 4310 1639 4347 z.
1672 4293 1826 4348 alten
1849 4290 2195 4351 Geschichte
2217 4293 2278 4347 ll.
2319 4307 2370 4361 p.
2398 4296 2638 4363 128sqq.

446 4389 532 4439 37.
573 4382 778 4438 Statuit
817 4382 1088 4451 Meyerus
1125 4381 1355 4437 Forsch.
1396 4400 1443 4437 z.
1484 4383 1636 4438 alten
1678 4380 1889 4439 Gesch.
1931 4382 1990 4436 11.
2033 4396 2084 4450 p.
2130 4386 2378 4452 125sqq.

445 4477 530 4534 38.
571 4476 630 4532 ut
668 4472 865 4533 iterum
906 4471 989 4527 sie
1029 4471 1204 4531 verba
1243 4471 1589 4543 distinguere
1629 4472 1759 4527 mihi
1801 4471 1984 4533 liceat.
