3426 5306
1306 563 1731 645 ...ω’-

240 785 724 865 Athenienses‚·
802 802 919 853 eas
989 785 1336 853 clientulas
1406 789 1730 853 maiorum
1802 789 2138 863 civitatum
2210 805 2360 854 esse
2431 786 2817 856 solemniter

241 900 521 981 negetur
579 897 827 978 eisque,
887 897 957 960 ut
1015 894 1324 960 tributum
1375 911 1569 960 suum
1625 897 1815 978 ipsae
1864 899 2205 974 censeant,
2266 898 2385 979 per
2434 895 2617 981 leges
2665 915 2816 980 per-

241 1007 565 1072 mittatur.
686 1001 787 1088 (Id
857 1002 1039 1085 quod
1108 1002 1190 1066 de
1249 999 1521 1068 Galaeis
1579 1020 1851 1085 quoque
1910 1001 2422 1069 Pleumensibus
2476 1002 2815 1114 Amorgiis

240 1110 470 1180 Casiis
519 1110 1043 1193 Eteocarpathiis
1090 1107 1496 1192 Callipolitis
1545 1109 1969 1175 statuendum
2017 1108 2203 1195 est.)

462 1234 664 1314 Quod
728 1253 862 1299 non
915 1234 1160 1317 ubique
1207 1234 1348 1299 fieri
1399 1236 1650 1317 potest·
1703 1233 2168 1300 nonnullarum
2218 1236 2539 1302 maiorum
2584 1186 2815 1302 civita-

246 1348 388 1410 tum
461 1346 607 1410 sine
688 1342 823 1408 ullo
902 1342 1108 1407 dubio
1182 1340 1468 1425 legitime
1539 1345 1691 1407 sunt
1763 1340 2038 1407 clientes
2105 1342 2467 1408 nonnullae
2525 1344 2817 1410 minores

241 1454 552 1519 civitates
610 1468 826 1533 neque
891 1452 1177 1533 possunt
1222 1448 1669 1515 Athenienses
1729 1449 1913 1534 leges
1970 1454 2199 1533 aperte
2258 1454 2546 1516 evertere
2596 1470 2814 1534 neque

252 1559 512 1625 volunt.

471 1685 700 1767 ltaque
774 1683 1456 1768 legibusabutuntur
1502 1681 1945 1748 Athenienses
2017 1685 2121 1761 ita,
2194 1687 2263 1749 ut
2339 1684 2523 1767 leges
2588 1689 2813 1768 aperte

238 1811 376 1858 non
435 1792 793 1857 violentur:
866 1792 989 1857 has
1045 1808 1320 1873 quoque
1378 1792 1669 1855 minores
1727 1791 2023 1856 civitates
2081 1793 2401 1856 maiorum
2463 1793 2801 1858 civitatum

238 1900 524 1966 clientes
557 1898 998 1965 Athenienses
1042 1917 1108 1963 re
1141 1915 1296 1963 vera
1343 1901 1563 1963 socias
1605 1898 1730 1963 sibi
1764 1897 2287 1964 Atheniensibus
2322 1901 2488 1982 ipsis
2519 1899 2805 1965 faciunt:

239 2010 533 2073 minores
580 2009 880 2072 civitates
929 2008 1113 2088 ipsas
1157 2005 1337 2088 apud
1381 2008 1681 2070 senatum
1736 2008 1849 2070 aut
1894 2005 2253 2088 populum⁶
2306 2004 2804 2072 Atheniensium

455 2243 503 2292 5·
546 2238 752 2293 Omnia
825 2251 972 2304 quae
1046 2237 1227 2290 adhuc
1292 2235 1725 2303 disputavimuS‚
1804 2236 1990 2304 siquid
2055 2237 2333 2291 luculente
2396 2237 2815 2292 demonstravit

237 2327 534 2384 Busoltius
575 2328 626 2381 in
669 2327 760 2381 illa
806 2325 1282 2380 commentatione
1322 2325 1513 2393 philol.
1552 2328 1637 2379 41.
1679 2340 1731 2394 p.
1773 2328 2071 2379 658—675.
2144 2325 2391 2400 ⁴Egerant
2427 2330 2557 2381 ante
2594 2328 2807 2385 Busol-

235 2418 375 2473 tium
415 2419 488 2472 de
527 2418 614 2472 his
654 2415 885 2485 oppidis
925 2414 1244 2469 Koehlerus
1272 2413 1519 2469 Urkund.
1562 2429 1612 2468 u.
1636 2413 1860 2469 UnterS.
1884 2431 1930 2468 z.
1956 2413 2166 2472 Gesch.
2209 2416 2261 2469 d.
2292 2413 2792 2472 Delisch.-Attisch

237 2505 473 2562 Bundes
534 2521 585 2574 p.
633 2509 728 2560 137
771 2508 825 2560 et
864 2503 1216 2559 Loeschkius
1273 2505 1344 2558 de
1382 2504 1558 2559 titulis
1599 2504 1815 2572 aliquot
1854 2503 2053 2558 Atticis
2093 2519 2147 2573 p.
2191 2507 2272 2569 17,
2313 2506 2417 2560 sed
2458 2507 2707 2561 errarant
2744 2508 2815 2561 de

236 2593 709 2651 nonnullis—De
733 2595 945 2647 πόλεσιν
966 2596 1030 2655 ἃς
1050 2596 1101 2645 οἱ
1123 2596 1326 2646 ἰδιῶται
1350 2596 1653 2665 ἐνέγραψαν
1674 2595 1848 2663 φόρον
1868 2596 2056 2664 φέρειν
2079 2608 2271 2648 verum
2296 2596 2464 2649 docet
2485 2595 2813 2661 KOehlerus‚

237 2702 337 2741 cur
378 2686 508 2741 hae
548 2686 805 2741 civitates
845 2699 957 2739 non
998 2684 1140 2739 aliae
1179 2698 1279 2753 per
1318 2684 1572 2752 privatos
1611 2684 1862 2739 censitae
1891 2684 2016 2748 sint,
2057 2698 2170 2738 non
2199 2698 2418 2739 curans,
2496 2684 2583 2740 De
2611 2686 2817 2755 quibus

240 2776 569 2831 civitatibus
627 2776 764 2830 haec
806 2773 1099 2829 Busoltius
1157 2774 1251 2828 illa
1291 2773 1641 2828 Loeschkius
1700 2777 1851 2828 recte
1891 2774 2020 2827 mihi
2061 2774 2354 2843 disputare
2394 2776 2664 2829 videntur.
2741 2775 2814 2830 Se

242 2867 486 2930 nescire,
545 2879 690 2933 quae
751 2864 862 2919 sint
917 2865 1023 2919 hae
1082 2864 1359 2927 civitates,
1416 2862 1623 2918 fatetur
1678 2862 1951 2933 Meyerus
2008 2861 2220 2919 Gesch.
2281 2866 2335 2919 d.
2376 2863 2688 2920 Altertums
2727 2864 2812 2919 lV.

241 2971 299 3025 p.
340 2960 463 3011 284.

456 3049 505 3098 6.
546 3042 825 3112 Populum
866 3042 1194 3113 (ἐκκλησίαν)
1257 3055 1489 3111 quoque
1550 3045 1772 3110 praeter
1830 3047 2126 3100 senatores
2184 3045 2239 3099 et
2291 3044 2569 3099 heliastos
2608 3045 2817 3100 tributa

241 3148 483 3190 censere
541 3134 900 3188 statuendum
961 3135 1067 3197 est,
1129 3146 1473 3201 quamquam
1532 3146 1565 3185 a
1624 3132 1811 3186 multis
1861 3147 1946 3187 ex.
1986 3148 2066 3201 gr.
2109 3148 2142 3187 a
2180 3133 2417 3203 Meyero
2459 3137 2512 3189 et
2553 3133 2812 3189 Busoltio

237 3226 493 3293 negatur.
568 3222 843 3277 Probatur
900 3223 1058 3277 titulo
1100 3220 1162 3278 C.
1202 3222 1243 3293 J.
1287 3221 1351 3276 A.
1395 3221 1429 3275 1.
1470 3227 1555 3287 37,
1616 3221 1708 3290 qui
1769 3225 1857 3277 est
1897 3222 2275 3291 plebiscitum,
2334 3223 2385 3275 in
2426 3238 2539 3292 quo
2582 3226 2815 3279 senatus

238 3327 451 3370 census
491 3312 861 3381 probuleuma
901 3311 1125 3377 citatur;
1167 3312 1440 3380 probatur
1482 3312 1626 3376 inde,
1668 3312 1824 3379 quod
1853 3310 2121 3367 Craterus
2162 3312 2214 3366 in
2254 3315 2617 3383 ψηφισμάτων
2655 3334 2814 3367 συνα-

238 3408 390 3476 γωγῇ
449 3401 614 3456 affert
669 3402 782 3455 duo
841 3416 1051 3455 census
1109 3401 1303 3469 populi
1362 3401 1618 3464 decreta;
1677 3401 1947 3470 probatur
1994 3401 2069 3457 tit.
2112 3400 2173 3459 C.
2212 3402 2254 3473 J.
2295 3400 2359 3457 A.
2402 3401 2435 3455 1.
2477 3406 2562 3467 38,
2602 3403 2657 3456 in
2697 3417 2810 3471 quo

235 3491 438 3562 legitur
492 3494 555 3544 τὸ
594 3493 847 3561 ψήφισμα
885 3493 948 3543 τὸ
986 3496 1083 3544 τοῦ
1121 3492 1329 3560 φύρσω
1393 3488 1487 3559 (cf.
1548 3490 1716 3545 etiam
1758 3489 2109 3558 ‚Bannierum
2152 3490 2352 3546 Athen.
2410 3491 2625 3547 Mitteil.
2673 3497 2808 3548 1902

239 3598 294 3652 p.
334 3582 638 3644 301-304,
678 3581 814 3635 nolo
855 3581 932 3635 uti
969 3580 1129 3635 titulo
1149 3580 1192 3651 J.
1235 3577 1303 3636 G.
1345 3579 1409 3634 A.
1452 3580 1486 3634 1.
1529 3581 1720 3649 suppl.
1758 3595 1906 3635 num.
1945 3584 2076 3636 39a.
2118 3580 2284 3635 nimis
2324 3581 2529 3636 lacero.
2608 3582 2810 3650 Neque

241 3672 441 3727 obstat
495 3674 726 3725 nostrae
785 3670 1096 3725 sententiae
1153 3670 1230 3724 tit.
1268 3670 1310 3741 J.
1354 3667 1422 3726 G.
1465 3670 1529 3723 A.
1571 3669 1605 3723 1.
1646 3674 1774 3724 2266:
1819 3671 1865 3724 si
1907 3672 2202 3726 solverunt
2242 3670 2502 3726 civitates
2540 3672 2806 3726 tributum

241 3776 278 3816 a
316 3763 519 3816 senatu
578 3759 868 3822 censitum,
928 3775 958 3814 e
1016 3763 1250 3815 senatus
1309 3760 1734 3828 probuleumate
1795 3761 2063 3829 populum
2104 3775 2331 3831 quoque
2373 3760 2639 3816 tributum
2680 3775 2814 3816 cen-

243 3850 436 3905 suisse
476 3863 589 3903 non
633 3849 844 3904 diserte
884 3852 1002 3904 erat
1039 3850 1356 3904 dicendum.
1436 3848 1564 3913 Quo
1607 3850 1659 3903 in
1698 3851 1778 3905 tit.
1820 3853 1924 3904 ‘266
1964 3851 2046 3905 sic
2088 3851 2384 3919 legendum
2425 3852 2536 3906 est:
2578 3852 2812 3920 supple-

248 3940 327 3995 vit
365 3939 631 3994 Kochler:

709 4027 963 4097 [ΓΟΛΕΣ
999 4027 1137 4082 ΗΑΣ
1172 4026 1282 4098 1112]
1328 4027 1514 4081 BOAE
1549 4026 1673 4083 ΚΑΙ
1709 4027 1829 4082 HOI
1867 4027 2342 4083 FEW'AKOEIOI

714 4120 810 4173 aut
849 4116 1181 4174 ΔΙΚΑΣΤΑΙ

715 4206 1576 4280 [ΗΟΙΕΛΙΑΣΤΑΙΕΤ]ΑΧΣΔΝ.
1795 4283 1796 4286 ¹

235 4300 289 4351 οἱ
343 4298 679 4353 πεντακόσια
734 4301 786 4351 οἱ
843 4300 1099 4367 ἡλιασταί
1147 4300 1396 4355 fortasse
1453 4300 1786 4368 oppositum
1848 4315 1981 4358 esse
2020 4298 2418 4369 significationi
2461 4300 2691 4371 ἡβουλὴ
2755 4302 2809 4352 οἱ

238 4389 573 4442 πεντακόσιοι
612 4388 806 4442 docuit
844 4402 933 4443 me
991 4389 1064 4443 de
1104 4387 1504 4444 Wilamowitz.
1566 4388 1823 4443 Ελιασται
1863 4390 1983 4444 sine
2023 4388 2070 4443 H
2113 4389 2382 4457 scriptum
2426 4392 2515 4444 est
2554 4387 2615 4445 C.
2655 4388 2697 4459 J.
2740 4389 2805 4444 A.

238 4477 257 4531 l
319 4480 387 4531 37
429 4489 481 4530 v.
530 4481 591 4530 14
629 4475 762 4531 ibid.
803 4475 905 4545 trg.
946 4476 982 4531 f.
1021 4491 1072 4545 g.
1117 4491 1166 4532 v.
1209 4482 1256 4532 3.
1300 4506 1363 4515 --
