3426 5306
1327 550 1720 631 *23*

229 770 639 842 Boeotorum
689 776 1031 840 victoriam
1084 773 1586 840 Lacedaemonii
1637 775 2111 860 aggrediuntur
2141 776 2293 856 446,
2346 777 2457 859 qui
2510 793 2590 841 ne
2642 779 2796 860 post

225 882 287 948 T
288 901 685 969 anagraeam
733 883 1003 966 quidem
1054 899 1348 967 pugnam
1387 882 1518 947 457
1552 882 1765 948 adorti
1817 886 1999 949 erant
2038 881 2477 949 Athenienses
2526 876 2798 950 indutiis

225 990 421 1057 factis
471 1009 605 1057 non
654 994 803 1057 ante
855 991 1136 1055 hiemem
1185 988 1456 1074 450s49.
1507 989 1715 1056 Thuc.
1769 990 1811 1055 1.
1870 991 2016 1057 113.
2077 992 2219 1056 114.
2373 984 2376 985 ’

446 1097 536 1169 Re
586 1116 741 1164 vera
791 1115 1008 1181 neque
1057 1114 1234 1163 anno
1282 1098 1417 1162 454
1473 1101 1757 1164 exeunte
1810 1115 2026 1182 neque
2086 1116 2264 1164 anno
2312 1099 2447 1165 450
2503 1102 2790 1165 exeunte

234 1204 477 1271 Persae
510 1205 1028 1272 Atheniensibus
1076 1204 1325 1270 bellum
1376 1207 1723 1284 minantur,
1775 1207 1908 1271 imo
1959 1224 2135 1272 anno
2179 1206 2313 1272 449
2346 1198 2800 1272 Ἀῒὴεηίεηεεε

241 1312 465 1379 Persis
512 1313 761 1378 bellum
812 1312 1116 1379 inferunt.

449 1416 698 1488 Contra
746 1422 937 1486 annis
983 1422 1115 1487 452
1162 1422 1282 1487 451
1341 1420 1534 1487 45014
1584 1430 1801 1505 neque
1852 1439 2002 1487 cum
2056 1416 2418 1488 Corinthiis
2459 1421 2791 1487 Lacedae-

233 1530 880 1613 moniisqueneque
932 1546 1080 1594 cum
1133 1526 1352 1596 Persis
1401 1529 1649 1595 bellum
1709 1533 1945 1615 gerunt
1993 1529 2461 1596 Athenienses:
2512 1528 2720 1594 Thuc.
2776 1526 2797 1592 1

244 1637 455 1713 112,1.
557 1633 691 1702 Cur
737 1636 951 1703 haec?
2045 1632 2048 1635 ’

457 1741 679 1811 Causa
729 1763 863 1810 non
913 1748 1014 1811 est
1061 1724 1225 1810 sola*
1258 1744 1485 1811 clades
1534 1744 1971 1831 Aegyptiaca:
2027 1764 2177 1812 nam
2228 1763 2406 1812 anno
2456 1745 2588 1811 453
2648 1748 2802 1828 post

235 1850 416 1918 illam
446 1852 703 1918 cladem
716 1851 1155 1919 Athenienses
1169 1852 1417 1919 bellum
1436 1849 1767 1919 Graecum
1785 1855 1849 1919 in
1864 1853 2211 1920 Thessalia
2226 1840 2807 1939 Sicyonia'Achaia

239 1957 615 2025 Acarnania
671 1963 928 2046 gerunt.
1028 1959 1333 2027 Fortasse
1382 1959 1824 2026 Athenienses
1881 1979 2030 2027 cum
2091 1962 2548 2045 suscepissent
2605 1978 2805 2043 expe-

238 2066 532 2133 ditiones
562 2067 1018 2134 Thessalicam
1065 2072 1128 2134 et
1163 2066 1778 2151 Peloponnesiacas
1826 2086 2003 2134 anno
2040 2069 2191 2148 453,
2244 2072 2312 2135 ut
2347 2068 2805 2135 labefactatam

238 2172 430 2239 clade
478 2173 884 2260 Aegyptiaca
934 2176 1116 2258 apud
1169 2173 1470 2242 Graecos
1517 2178 1976 2242 auctoritatem
2027 2179 2505 2259 recuperarent,
2557 2192 2806 2240 novum

242 2280 493 2347 bellum
524 2280 880 2348 Graecum
932 2300 1200 2347 movere
1254 2282 1574 2361 noluisse,
1626 2287 1853 2348 contra
1900 2281 2138 2349 Persas
2190 2282 2414 2348 ulcisci
2470 2281 2807 2348 studuisse

243 2389 668 2456 statuendum
718 2393 837 2469 est,
888 2407 1105 2473 neque
1155 2393 1375 2456 tamen
1424 2393 1552 2457 iam
1622 2409 1868 2458 novam
1941 2391 2225 2457 classem
2286 2394 2513 2457 contra
2564 2387 2810 2454 Persas

243 2498 493 2562 mittere
528 2514 735 2562 ausos
768 2515 917 2563 esse
953 2496 1469 2581 Peloponnesiis
1495 2499 1745 2566 bellum
1775 2500 2193 2567 minantibus.
2291 2496 2423 2566 Sed
2448 2501 2807 2566 maximum

241 2607 368 2671 est:
427 2603 637 2670 Annis
682 2606 997 2672 452-50
1053 2607 1389 2674 sociorum
1462 2608 1784 2674 aerarium
1860 2608 2159 2674 nondum
2232 2607 2507 2675 Athenis
2576 2612 2674 2676 est
2744 2611 2807 2675 in

238 2730 410 2792 arce,
462 2715 785 2797 pecuniae
820 2714 1322 2782 Atheniensium
1358 2720 1513 2783 sunt
1555 2718 1939 2783 exhaustae.
2039 2714 2333 2783 Possunt
2370 2715 2811 2783 Athenienses

244 2840 426 2889 anno
473 2823 607 2889 453
680 2825 744 2888 in
799 2823 1217 2890 Thessaliam
1291 2826 1646 2908 proficisci,
1725 2827 2011 2909 possunt
2059 2821 2439 2910 Sicyoniam
2489 2811 2802 2891 Achaiam

241 2930 678 2997 Acarnaniam
752 2931 1045 3015 aggredi,
1127 2933 1291 2997 haec
1368 2935 1593 2999 omnia
1667 2937 1738 3000 ut
1809 2933 2114 3000 hostibus
2185 2950 2374 2999 suam
2449 2934 2810 3017 potentiam

241 3039 631 3117 ostendant;
704 3037 834 3103 alia
908 3040 1036 3104 iam
1098 3057 1234 3104 non
1309 3044 1596 3123 possunt
1655 3045 1926 3124 propter
1996 3042 2425 3125 pecuniarum
2486 3041 2811 3124 inopiam;

243 3146 546 3212 nondum
606 3164 659 3211 e.
713 3164 805 3230 gr.
868 3147 1208 3213 societatis
1258 3144 1580 3214 Deliacae
1640 3149 1964 3214 aerarium
2018 3147 2191 3214 Delo
2242 3148 2537 3214 Athenas
2593 3154 2811 3214 trans-

240 3254 408 3320 ferre
459 3257 745 3337 possunt
794 3255 997 3320 sociis
1046 3255 1289 3334 invitis,
1344 3274 1494 3322 cum
1546 3257 1715 3323 socii
1767 3273 1840 3323 se
1886 3254 2401 3341 Peloponnesiis
2450 3257 2811 3341 adiungere

249 3363 532 3447 possint.

458 3469 629 3536 Tum
680 3474 999 3537 autumno
1034 3472 1167 3539 450
1216 3472 1508 3538 indutiae
1542 3473 1713 3539 fiunt
1748 3491 1901 3539 cum
1938 3471 2483 3556 Peloponnesiis:
2536 3471 2811 3539 Atheni-

244 3595 445 3645 enses
504 3596 681 3645 nunc
740 3583 1209 3663 praepotentes
1280 3597 1430 3646 esse
1505 3581 1817 3647 videntur
1891 3584 1959 3647 ut
2034 3599 2398 3665 numquam
2448 3585 2670 3648 antea:
2748 3583 2813 3645 in

251 3705 415 3770 pace
490 3705 607 3771 per
679 3689 974 3772 quinque
1046 3706 1263 3755 annos
1337 3689 1589 3755 domini
1662 3692 1852 3755 erunt
1900 3689 2308 3783 Boeotorum
2361 3686 2808 3756 Phocensium

466 3835 544 3885 14.
588 3831 670 3886 llli
713 3833 830 3887 tres
870 3832 998 3887 anni
1039 3836 1169 3890 sunt
1208 3834 1520 3903 45⁶2s51l50.
1601 3832 1798 3889 Hieme
1836 3833 2038 3904 450119
2087 3832 2230 3889 fiunt
2281 3832 2530 3889 indutiae
2570 3832 2819 3902 quinque

252 3934 548 3985 annorum,
598 3922 725 3976 anni
765 3926 870 3976 449
911 3921 1165 3978 Cimonis
1223 3926 1311 3980 est
1361 3923 1413 3978 in
1465 3922 1713 3993 Cyprum
1775 3924 2082 3992 expeditio
2144 3954 2209 3962 —
2270 3922 2490 3979 Bellum
2532 3919 2815 3978 Samicum

248 4010 460 4080 geritur
499 4009 760 4066 Timocle
803 4010 1053 4083 (441140)
1106 4015 1161 4068 et
1200 4012 1537 4082 Morychide
1579 4010 1831 4084 (440j39)
1887 4014 2258 4069 archontibus
2307 4013 2486 4068 schol.
2529 4011 2816 4080 Aristoph.

253 4115 413 4169 vesp.
456 4107 579 4165 ⁶283,
620 4102 648 4156 i.
692 4115 736 4156 e.
779 4102 954 4157 oritur
993 4105 1217 4159 aestate
1254 4107 1373 4156 440.
1453 4101 1628 4158 Sexto
1687 4118 1837 4159 anno
1898 4106 2029 4160 ante
2084 4103 2228 4158 fiunt
2289 4102 2538 4158 indutiae
2597 4102 2821 4171 triginta

249 4206 544 4257 annorum,
585 4193 613 4247 i.
657 4207 702 4248 e.
745 4197 877 4247 v'ere
915 4196 1047 4246 445:
1088 4192 1155 4248 cf.
1198 4191 1374 4248 Thuc.
1419 4192 1553 4247 112.
1631 4192 1781 4262 Ergo
1822 4208 1970 4248 anno
1999 4197 2105 4248 446
2131 4192 2505 4249 Euboeenses
2532 4194 2588 4246 et
2615 4190 2817 4260 Mega-

249 4296 451 4337 renses
491 4281 761 4337 deficiunt
801 4282 874 4337 ab
915 4280 1377 4348 AtheniensibuS,
1418 4284 1622 4338 eodem
1671 4297 1823 4338 anno
1866 4280 2317 4347 Lacedaemonii,
2376 4296 2526 4351 quos
2565 4280 2814 4336 indutias

270 4372 520 4441 quinque
560 4386 835 4427 annorum
877 4372 1128 4427 violasse
1167 4375 1421 4441 apparet,
1463 4371 1850 4428 Plistoanacte
1908 4372 2053 4428 duce
2109 4373 2163 4427 in
2202 4370 2446 4427 Atticam
2496 4372 2824 4439 irrumpunt,

260 4476 417 4517 anno
458 4465 563 4517 447
602 4461 676 4517 ad
717 4460 1038 4517 Coroneam
1078 4466 1370 4531 pugnatur.
