3426 5306
1288 537 1706 595 „07-

235 740 516 806 devictis
585 742 835 821 partem
885 739 1021 822 agri
1072 737 1419 803 Maronitis
1468 738 1669 803 sociis
1717 735 2238 803 Atheniensibus
2282 736 2594 803 fidelibus
2641 738 2798 803 dare

236 848 459 912 iussos
533 862 708 910 anno
757 845 1001 913 438s37
1074 844 1159 910 ab
1208 842 1726 910 Atheniensibus
1775 844 2100 909 defecisse
2149 844 2569 910 statuendum
2620 843 2800 909 est.¹4

235 952 469 1036 Neque
526 970 704 1017 anno
761 953 847 1017 27
898 948 1169 1036 (428Ι27
1222 949 1297 1019 C.
1348 951 1400 1036 J.
1452 950 1528 1016 A.
1583 951 1625 1016 l.
1675 949 1840 1036 256)
1891 968 2109 1034 neque
2155 968 2335 1016 anno
2384 952 2470 1016 29
2520 949 2797 1036 (426]25

236 1058 309 1128 C.
357 1059 410 1145 J.
440 1058 515 1125 A.
546 1058 585 1124 Ι.
614 1057 795 1144 259),
846 1077 1124 1142 quorum
1174 1061 1450 1142 uterque
1499 1058 1726 1124 titulus
1752 1058 2022 1141 plenum
2048 1057 2364 1123 Thraciae
2413 1059 2800 1141 provinciae

235 1166 611 1233 laterculum
660 1166 942 1243 exhibet,
993 1164 1180 1231 Aenii
1230 1165 1388 1231 dant
1434 1166 1744 1231 tributum
1761 1185 1775 1243 ;
1860 1165 1961 1230 his
2009 1167 2203 1231 annis
2249 1164 2620 1230 Maronitae
2670 1166 2798 1230 iam

232 1275 350 1339 tria
397 1277 647 1340 tantum
698 1273 965 1339 solvunt
1014 1272 1280 1350 talenta3
1334 1273 1508 1337 unde
1559 1276 1734 1338 metu
1787 1271 2215 1356 Odrysarum,
2295 1273 2404 1355 qui
2455 1272 2559 1337 his
2605 1272 2800 1337 annis

231 1380 584 1446 Maronitis
634 1398 906 1464 quoque
953 1396 1195 1463 graves
1244 1383 1394 1445 sunt
1444 1380 1692 1457 hoste8‚
1746 1381 1830 1445 ita
1881 1382 1948 1444 ut
1974 1381 2324 1445 maximam
2374 1383 2621 1462 partem
2657 1379 2799 1463 agri

235 1489 331 1553 eis
379 1489 682 1570 erip-iant,
746 1485 999 1552 Aenios
1048 1490 1392 1570 permotos
1452 1503 1620 1564 esse,
1694 1490 1763 1552 ut
1810 1485 2328 1552 Atheniensibus
2375 1489 2621 1551 aestate
2668 1486 2799 1550 425

233 1596 474 1661 auxilia
524 1596 868 1671 mitterent,
919 1592 1153 1679 (Thuc.
1194 1592 1294 1659 IV.
1327 1592 1463 1678 28),
1514 1595 1747 1659 iterum
1796 1593 2030 1658 fierent
2064 1591 2564 1659 Atheniensium
2615 1593 2799 1670 socii,

232 1704 528 1785 apparet.
601 1699 852 1767 Aenios
899 1717 1074 1765 anno
1121 1701 1252 1766 415
1277 1699 1778 1767 Atheniensium
1829 1718 1977 1775 esse
2024 1701 2489 1766 tributarios
2536 1699 2804 1785 Thucy-

231 1808 421 1876 dides
494 1807 625 1874 Vll.
700 1810 785 1872 57
857 1811 1153 1873 testatur.
1251 1806 1447 1893 (Ante
1519 1825 1764 1873 annum
1835 1807 1966 1873 425
2040 1826 2160 1891 per
2227 1808 2347 1873 tria
2415 1808 2551 1873 fere
2601 1807 2799 1874 lustra

229 1914 485 1981 Aenios
535 1933 668 1979 non
715 1914 924 1981 fuisse
972 1914 1475 1981 Atheniensium
1527 1916 1756 1981 socios
1804 1934 1939 1980 non
1990 1915 2185 1980 tradit
2231 1914 2659 1999 Thucydides
2695 1915 2797 1983 IV.

231 2022 319 2088 28
368 2040 585 2105 neque
634 2022 814 2100 alibi,
866 2026 1154 2088 attamen
1207 2026 1307 2088 est
1356 2022 1827 2108 statuendum.)

450 2129 686 2212 Neque
736 2131 918 2213 quod
980 2128 1052 2197 C.
1113 2129 1165 2214 J.
1217 2129 1293 2194 A.
1348 2130 1388 2195 Ι.
1440 2130 1571 2195 256
1631 2128 1815 2215 (anni
1866 2131 1973 2208 27,
2037 2128 2339 2216 428s27)‚
2412 2132 2521 2213 qui
2575 2131 2801 2197 titulus

230 2236 500 2319 plenum
553 2236 936 2301 laterculum
989 2237 1319 2302 civitatum
1354 2235 1787 2301 Thraciarum
1839 2237 2123 2314 exhibet,
2180 2236 2565 2303 Potideatae
2602 2235 2801 2322 Spar-

235 2342 378 2407 tolii
449 2339 639 2409 Stolii
716 2341 1009 2427 Olynthii
1083 2342 1549 2426 Mecybernaei
1625 2340 2112 2427 Sermylienses
2186 2340 2398 2427 Singii
2466 2342 2800 2411 Asseritae

235 2446 573 2532 Strepsaei
633 2446 955 2533 Scapsaei
1015 2448 1311 2533 Phegetii
1386 2467 1520 2514 non
1596 2451 2038 2528 nominantur,
2118 2452 2243 2516 hos
2299 2449 2800 2517 Atheniensium

236 2558 468 2622 socios
517 2558 644 2622 hoc
693 2575 873 2622 anno
921 2556 1272 2641 vectigalia
1345 2575 1467 2641 pro
1542 2557 1804 2623 tributis
1854 2557 2138 2623 solvisse
2199 2559 2619 2624 statuendum
2680 2564 2800 2638 est,

237 2666 356 2730 sed
409 2664 814 2746 PotideataS,
891 2664 1377 2735 Chalcidenses
1425 2664 1772 2746 ThraciOS,
1843 2666 2185 2732 Bottiaeos
2264 2683 2446 2731 anno
2515 2667 2646 2732 432
2717 2668 2801 2734 ab

229 2770 760 2839 Atheniensibus
809 2774 1175 2856 descivisse
1225 2775 1370 2856 ipse
1419 2771 1851 2857 Thucydides
1899 2774 2095 2839 tradit
2146 2774 2186 2838 l.
2239 2772 2476 2851 58,1.’5

454 2879 627 2963 Ergo
679 2882 862 2962 quod
915 2882 979 2944 in
1030 2880 1217 2946 titulo
1270 2876 1343 2946 C.-
1378 2880 1429 2965 J.
1466 2878 1542 2944 A.
1583 2880 1624 2945 1.
1669 2881 1803 2956 258
1853 2898 1985 2945 non
2041 2882 2469 2946 nominantur
2516 2880 2798 2947 Tenedii

234 2978 673 3052 Proconnesii
725 2983 1161 3070 Selymbriani
1215 2985 1528 3051 Perinthii
1580 2986 1718 3051 fere
1771 3005 2006 3053 omnes
2055 2989 2350 3053 minores
2399 2987 2800 3071 Hellespon-

237 3094 366 3159 tiae
417 3094 734 3172 civitateS,
809 3094 929 3159 has
978 3094 1278 3159 civitates
1349 3110 1530 3157 anno
1588 3092 1757 3158 tituli
1811 3091 1885 3161 C.
1934 3093 1987 3178 J.
2039 3092 2114 3158 A.
2171 3095 2212 3159 1.
2264 3095 2396 3160 258
2452 3096 2800 3179 vectigalia

233 3218 354 3283 pro
406 3200 667 3268 tributis
739 3201 1144 3284 pependisse
1200 3201 1404 3266 statui
1464 3218 1599 3264 non
1662 3204 1905 3283 potest,
1980 3200 2097 3266 sed
2148 3201 2267 3266 has
2318 3202 2618 3268 civitates
2669 3203 2797 3268 boc

232 3323 414 3372 anno
463 3307 700 3374 tributa
749 3308 975 3374 debita
1025 3326 1160 3373 non
1210 3308 1520 3384 solvisse,
1590 3308 1732 3372 sive
1804 3309 1986 3392 quod
2059 3309 2380 3391 pecunias
2452 3309 2608 3374 dare
2670 3311 2796 3375 iam

235 3432 368 3479 non
422 3419 722 3498 possent,
773 3416 914 3480 sive
964 3416 1147 3498 quod
1201 3418 1328 3481 iam
1363 3415 1447 3480 ab
1481 3414 2007 3482 Atheniensibus
2056 3416 2518 3495 descivissent,
2568 3418 2796 3500 negari

233 3539 373 3586 non
427 3525 668 3605 potest.

450 3629 625 3713 Ergo
677 3633 776 3695 est
824 3631 930 3695 hic
982 3630 1205 3704 titulus
1256 3628 1330 3697 C.
1379 3630 1431 3715 J.
1483 3629 1559 3695 A.
1599 3630 1640 3695 l.
1691 3631 1825 3697 258
1872 3635 1981 3697 aut
2031 3631 2332 3697 exeuntis
2381 3630 2531 3694 belli
2568 3629 2799 3696 Archi-

231 3736 429 3801 damii
490 3738 859 3819 temporum
912 3738 947 3803 i.
1005 3755 1057 3802 e.
1121 3754 1447 3802 annorum
1496 3738 1796 3802 425—21
1864 3741 1973 3804 aut
2029 3738 2180 3804 belli
2233 3734 2598 3803 Siciliensis
2651 3740 2688 3803 i.
2741 3758 2794 3805 e.

232 3860 564 3908 annorum
615 3844 945 3910 415—13.

449 4041 531 4092 14.
572 4035 1004 4094 Demonstravit
1067 4038 1358 4093 Busoltius
1421 4039 1551 4107 phil.
1609 4044 1693 4104 41,
1754 4044 1873 4093 664.
1959 4039 2107 4109 Ergo
2171 4056 2256 4106 ea,
2320 4057 2464 4111 quae
2529 4044 2799 4112 Meyerus

230 4123 445 4181 Oesch.
504 4126 557 4180 d.
599 4125 791 4181 Altert.
842 4126 930 4180 lV.
971 4143 1021 4196 p.
1066 4131 1132 4181 74
1171 4129 1242 4183 de
1282 4128 1475 4183 Aeniis
1533 4128 1683 4193 dicit,
1741 4128 1890 4184 falsa
1931 4133 2076 4184 sunt.
2153 4130 2268 4185 lmo
2327 4146 2395 4186 ne
2437 4132 2793 4203 Odrysarum

230 4213 385 4278 fiant,
430 4213 586 4269 Aenii
626 4229 776 4270 anno
816 4219 921 4270 425
964 4216 1158 4271 iterum
1200 4216 1623 4272 Atheniensium
1663 4217 1803 4273 fiunt
1845 4219 2004 4274 socii.

449 4308 528 4357 15.
570 4319 622 4358 v.
682 4303 1016 4359 Koehlerum
1074 4304 1379 4361 Urkunden
1455 4308 1566 4362 und
1625 4306 2072 4380 Untersuchung.
2151 4326 2199 4364 z.
2256 4308 2467 4367 Oesch.
2541 4312 2596 4370 d.
2645 4311 2800 4372 Del.-

229 4392 342 4452 Att.
383 4392 615 4450 Bundes
654 4409 707 4464 p.
752 4397 867 4450 143.
