3426 5306
1692 557 2119 621 ...15-

618 768 1111 851 expugnatione
1157 767 1385 833 fictum
1437 768 1498 832 et
1535 763 1953 849 explorasset
1985 769 2049 832 et
2094 766 2476 845 detexisset,
2528 772 2599 835 ut
2640 768 2775 833 veri
2813 771 2913 834 est
2947 767 3189 834 simile.

833 874 914 940 Et
947 892 1065 940 cur
1095 874 1433 941 Miltiades
1469 871 1771 942 Cimonis
1816 873 1997 940 filius
2028 892 2209 940 anno
2242 876 2374 941 493
2405 875 2573 960 fugit
2606 874 2891 942 Persas?
2985 874 3188 956 Quod

621 984 790 1049 sicut
861 1000 968 1048 res
1039 981 1306 1066 publica
1377 999 1646 1065 quoque
1702 980 2206 1048 Atheniensium
2262 982 2530 1067 Jonum.
2572 985 2798 1050 socius
2854 983 3064 1050 fuerat
3121 985 3189 1049 in

620 1090 795 1157 bello
842 1090 1105 1176 Jonico:
1169 1092 1265 1157 sic
1323 1092 1614 1156 statuere
1674 1088 1842 1155 licet.
1944 1089 2022 1156 Et
2084 1091 2426 1174 quomodo
2476 1090 2719 1157 bellum
2769 1109 2916 1158 cum
2967 1090 3190 1159 Persis

620 1198 966 1283 gesserat?
1060 1197 1301 1264 Persas
1360 1216 1394 1263 e
1454 1197 1703 1263 Lemno
1765 1199 1828 1262 et
1879 1197 2095 1263 Imbro
2153 1198 2494 1283 depulerat
2553 1202 2616 1265 et
2664 1198 3190 1267 Atheniensibus

626 1305 882 1373 insulas
929 1306 1302 1372 tradiderat.

833 1432 1389 1515 Mytilenaeorum
1452 1435 1778 1514 tyrannus
1839 1430 2020 1500 Coes
2077 1431 2523 1515 Mytilenaeus
2572 1431 2917 1499 Persarum
2978 1431 3187 1500 cliens

621 1539 893 1627 (Herod.
951 1539 1024 1604 V.
1086 1538 1195 1626 ll)
1241 1540 1367 1604 iam
1418 1541 1631 1623 primo
1680 1557 1860 1604 anno
1910 1537 2063 1605 belli
2095 1538 2307 1624 Jonici
2353 1556 2391 1604 a
2424 1538 2844 1624 Mytilenaeis
2879 1544 3183 1607 necatur:

621 1648 860 1714 Herod.
939 1647 1011 1712 V.
1088 1648 1193 1726 37,
1270 1648 1373 1714 38.
1500 1644 1830 1713 Desciscit
1911 1664 2072 1732 ergo
2146 1648 2273 1712 iam
2346 1651 2503 1713 tunc
2576 1645 2938 1714 insularum
3011 1651 3188 1714 certe

623 1756 878 1822 Lesbus
911 1773 950 1820 a
983 1753 1224 1821 Persis.
1309 1753 1568 1820 Deinde
1613 1756 1806 1820 etiam
1840 1753 2285 1821 Athenienses
2328 1753 2571 1820 bellum
2607 1754 2829 1822 Persis
2872 1756 3186 1822 inferunt:

623 1862 694 1929 V.
766 1865 851 1930 97
925 1882 1073 1947 sqq.
1191 1862 1380 1928 Tunc
1450 1866 1603 1928 ante
1671 1879 1966 1946 pugnam
2038 1863 2475 1946 Ephesiacam
2548 1861 2821 1949 (Herod.
2886 1862 2958 1929 V.
3031 1863 3189 1950 102)

620 1970 982 2037 Miltiadem
1011 1971 1328 2036 Lemnum
1356 1987 1730 2054 occupasse
1755 1970 2110 2036 verisimile
2148 1974 2264 2049 est,
2302 1973 2411 2036 aut
2442 1971 2646 2036 brevis
2661 1975 2834 2054 post,
2885 1975 3189 2054 tempore

623 2097 757 2162 quo
793 2078 1287 2162 Hellespontiae
1325 2076 1598 2146 Caricae
1634 2076 1960 2162 Cypricae
1995 2079 2294 2144 civitates
2317 2078 2489 2144 fiunt
2511 2077 2779 2163 Jonum:
2833 2077 3073 2144 Herod.
3107 2077 3183 2143 V.

629 2188 752 2253 103
802 2183 1023 2270 sqq.²⁴

839 2312 1037 2391 Haec,
1089 2312 1270 2396 quod
1305 2330 1438 2377 non
1472 2313 1833 2392 traduntur,
1871 2331 2172 2396 premere
2207 2311 2547 2392 nolumus;
2600 2314 2718 2380 sed
2754 2331 2886 2378 non
2921 2316 3193 2379 contra-

622 2421 714 2485 ria
763 2426 915 2488 sunt
964 2422 1080 2499 eis,
1134 2438 1304 2504 quae
1353 2423 1418 2486 et
1464 2420 1814 2487 traduntur
1863 2425 1925 2487 et
1970 2420 2105 2485 fide
2155 2423 2306 2486 sunt
2347 2421 2567 2505 digna.

837 2527 1079 2594 Persae
1128 2546 1304 2593 anno
1353 2528 1484 2594 493
1533 2526 1763 2594 Mileto
1814 2529 1876 2592 in
1923 2526 2426 2611 Hellespontum
2462 2529 2802 2613 navigant:
2856 2530 2920 2592 in
2958 2528 3191 2593 itinere

625 2634 839 2706 Chius
889 2636 1142 2703 Lesbus
1184 2635 1499 2703 Tenedus
1547 2633 1713 2722 (non
1752 2633 2065 2722 Lemnus)
2116 2636 2282 2702 sitae
2333 2639 2510 2702 sunt:
2564 2637 2782 2719 itaque
2832 2635 2956 2701 hae
3006 2635 3190 2702 insu-

624 2745 722 2810 lae
767 2747 1016 2829 primae
1051 2746 1491 2823 devastantur,
1543 2744 1784 2809 deinde
1820 2742 2287 2812 Chersonesus
2319 2743 2733 2874 Thraciaque
2767 2743 2850 2808 ad
2885 2742 3193 2827 Propon-

622 2853 821 2918 tidem
873 2854 998 2918 sita
1046 2853 1311 2936 oppida.

837 2959 1032 3025 Anno
1066 2961 1199 3026 480
1233 2960 1481 3025 Lemnii
1507 2959 1794 3025 Xerxem
1832 2959 1895 3023 in
1924 2956 2273 3025 Graeciam
2309 2963 2692 3042 sequuntur.
2748 2960 2987 3025 Herod.
3020 2958 3185 3024 V111.

631 3070 727 3132 11.
803 3070 907 3134 82.
1019 3065 1185 3136 Cum
1264 3069 1460 3134 etiam
1530 3067 1797 3135 Thasus
1867 3085 2044 3133 anno
2115 3069 2247 3133 492
2316 3066 2495 3132 facta
2566 3071 2743 3133 esset
2813 3066 3188 3145 Persarum,

625 3172 897 3260 (Herod.
956 3175 1056 3241 Vl.
1110 3176 1225 3253 443
1279 3175 1357 3240 cf.
1404 3174 1721 3261 46—48),
1776 3175 2065 3241 Lemnus
2114 3178 2177 3241 et
2213 3174 2468 3241 Imbrus
2516 3192 2693 3239 anno
2727 3176 2858 3241 493
2908 3176 3193 3239 exeunte

625 3287 735 3349 aut
790 3301 909 3366 per
957 3282 1382 3347 Mardonium
1443 3300 1619 3347 anno
1676 3284 1809 3349 492
1867 3284 2097 3349 iterum
2149 3281 2499 3348 Persarum
2555 3282 2768 3347 factae
2829 3299 2978 3347 esse
3037 3275 3234 3347 sunt'

627 3390 1034 3456 statuendae.
1133 3389 1367 3474 Neque
1416 3391 1574 3474 quin
1609 3395 1765 3457 tunc
1799 3390 2297 3458 Atheniensium
2333 3389 2557 3457 Persis
2591 3391 3191 3456 inimicissimorum

627 3497 868 3576 coloni,
930 3499 983 3564 si
1045 3500 1155 3581 qui
1207 3503 1387 3565 erant
1435 3516 1473 3564 a
1520 3498 1816 3565 Miltiade
1870 3501 2184 3565 Lemnum
2236 3504 2298 3564 et
2346 3500 2628 3563 lmbrum
2679 3496 3033 3576 deducti,2⁵
3082 3502 3197 3565 aut

630 3650 681 3658 -—-
691 3649 1040 3659 2—0—m—

627 3730 832 3785 docere
872 3729 1087 3785 titulum
1129 3730 1517 3799 sepulcralem,
1560 3745 1739 3801 prope
1769 3730 2024 3787 Cimonis
2064 3732 2118 3785 et
2143 3729 2430 3799 Elpinicae
2477 3729 2738 3798 sepulcra
2767 3726 2925 3783 Olori
2964 3729 3196 3800 Thucy-

627 3818 776 3874 didis
839 3819 1013 3888 patris
1061 3819 1414 3889 Thucydidis
1466 3819 1624 3876 Olori
1681 3819 1780 3874 filii
1828 3820 2109 3875 Timothei
2158 3818 2510 3888 Thucydidis
2558 3817 2655 3872 filii
2705 3819 2965 3888 sepulcra
3012 3818 3197 3875 fuisse

626 3906 861 3964 Polemo
913 3911 1003 3964 est
1051 3912 1269 3965 auctor:
1327 3926 1379 3964 v.
1419 3909 1729 3966 Marcellini
1768 3908 2124 3980 Thucydidis
2173 3908 2362 3973 vitam,
2412 3909 2466 3975 (e
2514 3905 2885 3960 ΗΡΟΔΟΤΟΥ
2928 3905 3209 3962 OAOPOY

628 3999 957 4054 emendavit
981 3997 1280 4069 SauppiuS,
1290 4004 1310 4061 >
1336 3999 1405 4055 cf.
1437 4000 1616 4055 schol.
1644 3997 1803 4053 Pind.
1834 3998 1976 4053 Nem
2004 4002 2054 4064 2,
2081 4003 2164 4064 19,
2186 3996 2463 4053 Plutarch.
2492 3996 2713 4053 Cimon.
2740 4001 2798 4051 4.
2829 4013 2881 4051 ν.
2912 3997 3180 4052 Wilam-

629 4088 877 4142 witzium
916 4087 1526 4162 Thucydideslegende
1565 4088 1805 4144 Hermae
1846 4093 1926 4143 12.

841 4181 926 4232 24.
968 4194 1019 4232 ν.
1062 4177 1377 4234 Busoltium
1417 4177 1641 4236 Griech.
1682 4177 1896 4236 Gesch.
1939 4176 2021 4231 ll.2
2059 4180 2233 4242 531,2.

846 4272 930 4322 25.
972 4267 1030 4322 ld
1071 4269 1225 4337 quod
1265 4282 1378 4322 non
1417 4268 1664 4323 traditur.
1705 4281 1887 4336 neque
1927 4281 2032 4326 eos
2081 4282 2115 4323 a
2150 4267 2405 4323 Miltiade
2444 4267 2703 4337 privatim
2743 4267 3023 4322 deductos
3059 4279 3198 4323 esse

629 4357 796 4412 statui
853 4360 1059 4427 potest,
1120 4373 1251 4414 nam
1319 4356 1742 4413 Atheniensium
1801 4358 1877 4412 rei
1935 4358 2196 4428 publicae
2244 4357 2558 4414 Miltiadem
2609 4356 2824 4412 insulas
2878 4355 3196 4412 tradidisse

628 4449 894 4502 narratur.
1643 4471 1646 4474 ·
