3426 5306
1319 561 1742 623 -13—

253 769 575 852 distingui
629 770 743 833 aut
792 767 1090 850 epitheto
1141 759 1253 829 ἀπ’
1301 759 1612 846 Ἀθηνῶν
1658 769 1771 832 aut
1822 767 2122 850 epitheto
2175 763 2352 852 παρὰ
2385 762 2816 855 Χερρόνησον.

253 873 424 943 Sunt
494 873 891 958 Neapolitae
964 872 1369 942 Chersonesi
1443 873 1956 940 Atheniensium
2036 875 2229 940 amici
2310 876 2636 958 sociique,
2718 879 2818 942 est

251 982 758 1066 Neapolitarum
841 981 1165 1065 oppidum
1226 980 1383 1048 olim
1441 982 1526 1047 ab
1583 980 2112 1047 Atheniensibus
2170 982 2534 1048 conditum.
2634 980 2815 1062 Quid

250 1090 555 1174 prohibet
624 1091 989 1173 quominus
1068 1090 1267 1155 huius
1334 1089 1566 1173 oppidi
1635 1083 2025 1164 Νεαπόλεως
2100 1080 2214 1151 ἀπ’
2284 1081 2592 1176 Ἀθηνῷν
2647 1095 2813 1174 (non

252 1193 653 1276 Νεαπόλεως
723 1189 1120 1283 Ἀθηναίων)
1172 1195 1429 1262 incolas
1477 1214 1658 1262 anno
1709 1195 2341 1263 Hellenotamiarum
2393 1195 2468 1262 V.
2530 1199 2817 1282 posteri-

251 1306 618 1389 oribusque
667 1306 866 1370 annis
915 1307 1044 1370 iam
1097 1322 1232 1369 non
1279 1304 1490 1370 fuisse
1537 1303 1988 1372 Athenienses
2039 1322 2257 1388 neque
2305 1303 2812 1418 Atheniensium

252 1413 503 1479 liberos
554 1416 974 1496 nepotesque
1024 1416 1420 1479 statuamus.

466 1519 566 1587 1v.
620 1519 1128 1586 Atheniensium
1180 1519 1400 1586 coloni
1454 1537 1634 1585 anno
1665 1520 1806 1587 fere
1840 1518 2043 1606 508s7
2079 1518 2522 1601 inChalcidis
2557 1519 2816 1605 Hippo-

251 1629 557 1695 botarum
615 1646 815 1713 agros
872 1628 1137 1695 deducti
1199 1626 1470 1714 (Herod.
1524 1627 1596 1695 V.
1652 1631 1757 1694 77.
1810 1628 1913 1695 Vl.
1973 1627 2222 1716 100.)¹⁷
2284 1646 2421 1694 non
2474 1629 2814 1695 redierunt

253 1735 640 1805 Chalcidem
709 1754 888 1801 anno
959 1737 1093 1802 490
1162 1740 1319 1820 post
1389 1737 1890 1804 Marathoniam
1962 1754 2288 1821 pugnam:
2364 1754 2700 1821 nusquam
2772 1755 2813 1803 a

252 1843 596 1910 Herodoto
656 1846 722 1908 in
783 1843 967 1909 libris
1027 1842 1359 1910 Vll.—-lX.
1422 1842 1650 1930 (annis
1706 1844 1989 1932 480s79)
2051 1846 2512 1924 nominantur;
2586 1848 2815 1912 contra

251 1955 411 2018 tunc
469 1950 947 2020 Chalcidenses
1004 1950 1514 2018 Atheniensium
1574 1956 1731 2019 sunt
1792 1953 1986 2019 socii:
2083 1952 2323 2018 Herod.
2377 1952 2538 2019 Vlll.
2598 1955 2650 2018 l.
2703 1953 2809 2019 46.

252 2059 603 2126 Persarum
663 2059 1277 2144 Aeginetarumque
1335 2060 1486 2126 belli
1550 2064 1727 2127 metu
1775 2059 2226 2128 Athenienses
2276 2060 2559 2128 colonos
2609 2058 2814 2130 Chal-

252 2167 464 2233 cidem
526 2186 659 2233 non
722 2168 1086 2246 reduxisse,
1148 2171 1218 2234 ut
1271 2167 1755 2236 Chalcidenses
1814 2169 1939 2235 sibi
2004 2167 2457 2247 conciliarent,
2515 2170 2649 2234 veri
2712 2173 2812 2236 est

251 2275 482 2340 simile.
582 2275 633 2339 E
681 2275 1075 2341 tributorum
1112 2273 1676 2359 sekagesimarum
1715 2273 1992 2342 titulis¹⁸
2036 2293 2170 2340 non
2205 2278 2364 2342 ante
2397 2293 2645 2342 annum
2680 2276 2811 2342 445

248 2381 699 2448 Athenienses
749 2381 1135 2451 Chalcidem
1187 2383 1420 2449 iterum
1471 2384 1752 2449 colonos
1800 2383 2159 2449 deduxisse
2208 2387 2506 2467 apparet.

465 2489 538 2554 V.
592 2488 752 2556 Post
789 2488 1114 2557 Pisistrati
1163 2495 1437 2557 mortem
1473 2488 1786 2578 (528s27)
1821 2492 2098 2557 moritur
2133 2488 2374 2560 Cimon
2411 2488 2812 2577 Stesagorae

246 2597 427 2664 filius
483 2598 592 2662 vix
651 2601 805 2664 ante
864 2615 1113 2664 annum
1174 2598 1325 2678 524,
1387 2616 1536 2666 cum
1586 2596 1746 2685 (hoc
1795 2598 2007 2687 anno)
2058 2599 2405 2667 Pisistrato
2456 2600 2583 2667 iam
2635 2617 2812 2666 mor-

249 2709 366 2771 tuo
419 2704 765 2773 Cimonem
826 2707 1089 2772 tertium
1141 2705 1453 2792 Olympia
1501 2708 1745 2774 vicisse
1792 2710 1926 2774 veri
1978 2707 2189 2774 simile
2233 2708 2351 2774 fiat
2402 2727 2438 2774 e
2488 2707 2809 2775 Herodoti

250 2814 649 2879 narratione.
750 2813 994 2880 Fratris
1038 2812 1344 2882 Cimonis
1393 2812 1798 2899 Stesagorae
1827 2815 1946 2880 filii
1984 2819 2329 2899 superstes
2359 2815 2438 2882 fit
2476 2814 2813 2883 Miltiades

251 2918 523 3004 Cypseli
603 2920 800 2986 filius.
936 2921 1179 2986 Herod.
1250 2921 1352 2988 Vl.
1431 2922 1646 3004 103s4.
1759 2921 1883 2991 Cui
1956 2921 2238 2988 Miltiadi
2314 2921 2595 3007 Cypseli
2670 2922 2812 2988 filio

249 3027 545 3093 succedit
623 3029 688 3092 in
742 3023 1170 3095 Chersoneso
1244 3026 1642 3115 Stesagoras
1712 3030 2016 3100 Cimonis
2078 3030 2277 3109 filius,
2339 3031 2442 3096 cui
2515 3031 2810 3101 succedit

245 3135 451 3201 frater
476 3135 816 3202 Miltiades
852 3134 1154 3203 Cimonis
1184 3137 1380 3204 filius.
1481 3137 1722 3204 Herod.
1779 3138 1881 3204 VI.
1934 3138 2038 3204 38.
2092 3139 2196 3204 39.
2294 3136 2424 3215 Qui
2474 3137 2810 3205 Miltiades

250 3240 554 3310 Cimonis
600 3242 781 3309 filius
829 3260 1006 3308 anno
1052 3241 1251 3311 Darei
1290 3242 1577 3331 Scythici
1628 3246 1779 3312 belli
1832 3250 1986 3313 ante
2035 3263 2282 3312 annum
2331 3245 2465 3312 510
2512 3247 2808 3330 suscepti

248 3351 378 3414 iam
452 3348 1002 3417 Chersonitarum
1075 3357 1175 3419 est
1247 3357 1592 3438 tyrannus:
1712 3353 1953 3419 Herod.
2014 3352 2116 3420 1v.
2196 3354 2456 3440 137s38.
2533 3351 2633 3419 V1.
2700 3354 2803 3422 34.

466 3549 546 3599 17.
587 3545 747 3610 Quae
797 3547 948 3616 apud
989 3545 1281 3603 Aelianum
1333 3564 1386 3602 v.
1436 3549 1487 3602 h.
1530 3547 1615 3603 Vl.
1659 3553 1704 3602 1.
1758 3551 2061 3614 narrantur,
2112 3551 2425 3618 congruunt
2462 3563 2590 3604 cum
2630 3548 2811 3604 Hero-

246 3634 366 3689 doti
422 3635 753 3700 narratione,
814 3637 1012 3705 partim
1053 3635 1267 3693 Aeliani
1323 3638 1486 3693 locus
1544 3638 1889 3693 verbotenus
1946 3652 2015 3693 ex
2055 3637 2347 3694 Herodoto
2397 3641 2659 3708 sumptus
2705 3640 2809 3694 est.

247 3722 419 3787 Quod
483 3725 633 3793 apud
706 3724 997 3780 Aelianum
1070 3727 1184 3781 duo
1258 3727 1408 3782 milia
1473 3728 1807 3783 colonorum
1878 3744 1980 3799 pro
2052 3731 2318 3798 quattuor
2375 3727 2602 3783 milibus
2659 3728 2810 3797 apud

248 3812 599 3870 Herodotum
657 3815 989 3871 colonorum
1047 3819 1392 3884 exhibentur,
1451 3822 1694 3877 correxit
1751 3819 2079 3889 nescioquis
2128 3819 2391 3874 consulto
2441 3817 2807 3874 Herodotum.

248 3902 376 3970 (Est
413 3918 677 3959 numerus
717 3906 1049 3962 colonorum
1090 3923 1123 3963 a
1150 3908 1442 3965 Herodoto
1472 3912 1709 3967 traditus
1739 3911 1918 3967 maior
1957 3923 2125 3979 quam
2166 3908 2261 3978 qui
2298 3907 2413 3964 fide
2452 3908 2656 3978 dignus
2696 3909 2809 3977 sit.)

245 3992 396 4061 Ergo
435 3991 583 4048 falso
624 3993 789 4049 refert
816 3994 1029 4051 Aeliani
1070 3998 1255 4053 locum
1295 4000 1368 4054 ad
1407 4001 1689 4057 coloniam
1730 4014 1882 4055 saec.
1936 3998 2175 4069 quinto
2216 3996 2543 4053 Chalcidem
2583 3998 2808 4054 ductam

243 4081 543 4138 Swoboda
580 4083 657 4151 (in
699 4084 864 4139 sertis
892 4085 1225 4143 Hartelianis
1270 4093 1406 4145 1898
1444 4105 1543 4145 zur
1569 4089 1916 4147 Geschichte
1955 4090 2054 4145 der
2082 4088 2373 4144 Attischen
2400 4087 2807 4154 Kleruchieen),

245 4186 414 4242 quem
452 4172 720 4243 Meyerus
770 4172 980 4231 Gesch.
1030 4176 1083 4230 d.
1135 4176 1324 4234 Altert.
1377 4180 1644 4249 sequitur.
1729 4179 1893 4235 Anno
1931 4183 2037 4233 490
2084 4179 2326 4234 colonos
2377 4177 2598 4233 Atticos
2638 4176 2809 4235 Chal·
2791 4240 2839 4265 ·

244 4262 430 4318 cidem
470 4263 708 4318 rediisse
748 4277 854 4318 suo
895 4263 1010 4319 iure
1049 4271 1217 4336 negat
1254 4268 1566 4325 Swoboda.

465 4357 545 4408 18.
587 4355 729 4411 Vide
793 4356 1045 4427 inprimis
1102 4358 1414 4415 Koehlerus
1472 4374 1617 4430 quae
1675 4359 1882 4436 publici
1941 4358 2107 4420 iuris
2133 4358 2268 4418 facit
2320 4356 2809 4432 sexagesimarum

241 4443 384 4506 tituli
422 4443 735 4518 fragmenta
773 4447 1013 4510 Hermae
1051 4451 1278 4517 31,137
1308 4465 1435 4523 sqq.
