3426 5306
1364 554 1789 626 -75-

305 781 559 846 ensium
612 796 851 844 nomen
901 778 967 841 in
1017 775 1576 858 sexagesimarum
1626 772 1829 839 titulis
1875 789 2051 838 anno
2095 769 2340 838 440s39
2389 768 2867 835 recentioribus

306 905 440 952 non
486 886 896 963 exhibeatur,
964 881 1368 949 Antandrios
1417 882 1543 946 iam
1593 897 1770 946 anno
1826 881 1960 945 424
2008 898 2125 964 per
2183 877 2540 943 nonnullos
2599 893 2865 942 menses

304 993 823 1060 Atheniensibus
880 995 1144 1075 ereptos
1193 1007 1343 1057 esse
1400 991 1675 1055 constet.
1693 985 1858 1035 ²³—
1887 987 2067 1054 Haec
2126 989 2490 1070 sequuntur
2537 985 2620 1050 de
2675 985 2867 1050 factis

304 1102 624 1168 annornm
680 1102 811 1166 412
878 1104 940 1166 et
1005 1100 1129 1166 411
1197 1117 1232 1164 e
1289 1096 1701 1182 Thucydidis
1759 1097 2049 1175 silentio;
2107 1094 2233 1160 alia
2290 1094 2482 1163 etiam
2544 1093 2607 1158 in
2668 1092 2865 1158 rebus

304 1210 482 1276 bello
530 1208 954 1275 Archidamio
1004 1210 1282 1274 exeunte
1330 1205 1539 1290 gestis
1587 1204 1902 1270 enarratis
1951 1220 2084 1268 non
2134 1203 2497 1286 sequuntur
2529 1219 2564 1266 e
2597 1200 2866 1284 Thucy-

304 1316 476 1382 didis
547 1315 834 1381 silentio:
909 1332 1234 1397 nusquam
1285 1331 1385 1378 ex.
1422 1331 1515 1398 gr.
1554 1315 1868 1377 memorat
1901 1309 2329 1394 Thucydides
2361 1307 2862 1374 Atheniensium

302 1424 750 1506 expeditionis
838 1424 901 1488 in
971 1421 1311 1488 Euboeam
1403 1438 1582 1486 anno
1670 1416 1925 1504 424123
2011 1420 2384 1501 susceptae,
2475 1413 2863 1501 (rebellasse

304 1530 655 1596 nonnullas
712 1530 1144 1595 Euboeenses
1211 1528 1506 1594 civitates
1563 1530 1719 1610 post
1778 1542 2073 1611 pugnam
2139 1520 2477 1590 Deliacam
2535 1521 2862 1608 apparet,)

303 1639 492 1704 cuius
537 1641 741 1703 testes
788 1641 943 1703 sunt
989 1635 1469 1719 Aristophanes
1516 1651 1702 1718 vesp.
1754 1633 1883 1699 715
1918 1649 2069 1716 sqq.
2167 1630 2605 1697 Philochorus
2652 1630 2858 1697 schol.

299 1762 484 1828 vesp.
540 1745 689 1811 718.
707 1743 765 1782 24

515 1870 592 1936 Et
637 1869 1016 1954 Xenophon
1068 1868 1263 1954 (Hell.
1317 1868 1360 1934 1.
1410 1865 1548 1953 4,9)
1597 1865 2089 1948 Thrasybulum
2134 1883 2311 1930 anno
2360 1865 2494 1931 408
2540 1863 2860 1930 Thracias

301 1978 620 2055 civitateS,
670 1995 840 2061 quae
887 1977 972 2043 ab
1007 1974 1531 2043 Atheniensibus
1578 1974 2037 2051 descivissent,
2088 1991 2511 2059 expugnasse
2560 1971 2753 2038 tradit
2802 1976 2862 2038 et

300 2083 463 2150 Hell.
503 2085 545 2151 1.
579 2086 722 2162 4,21
767 2083 1181 2150 Alcibiadem
1215 2088 1369 2149 ante
1405 2082 1661 2149 cladem
1712 2081 1796 2146 ad
1829 2081 2097 2147 Notium
2146 2099 2323 2147 anno
2355 2081 2487 2146 407
2521 2084 2859 2162 acceptam

298 2189 594 2257 Andrum
644 2192 948 2257 adortum
1000 2209 1168 2268 esse,
1221 2208 1419 2273 quae
1468 2188 1933 2266 defecisset,
1987 2193 2215 2254 narrat.
2316 2188 2365 2253 E
2412 2187 2859 2270 Xenophonte

300 2299 346 2365 1.
394 2300 504 2376 2,4
561 2316 737 2363 anno
785 2298 919 2363 410
977 2298 1244 2364 Notium
1301 2295 1802 2363 Atheniensium
1851 2296 2068 2382 ,fuisse
2126 2294 2457 2361 versimile
2505 2296 2598 2375 fit,
2653 2294 2860 2364 Colo-

299 2406 592 2489 phonem
672 2424 850 2471 anno
920 2406 1053 2471 410
1129 2405 1257 2470 iam
1331 2423 1465 2470 non
1537 2404 1746 2471 fuisse
1813 2402 2313 2470 Atheniensium
2363 2404 2557 2469 tradit
2633 2403 2859 2470 Xeno-

299 2513 482 2600 phon
576 2511 617 2576 l.
704 2511 741 2577 l.
885 2512 962 2577 Et
1051 2516 1310 2578 constat
1401 2512 1611 2577 Thuc.
1670 2511 1784 2593 ill.
1858 2513 1943 2578 34
2014 2511 2574 2595 sexagesimarum
2655 2511 2861 2578 titulis

296 2618 790 2705 Xenophonteo
870 2619 1019 2687 loco
1094 2618 1563 2704 Colophonem
1645 2619 1799 2685 inde
1878 2619 1963 2685 ab
2033 2637 2210 2686 anno
2282 2619 2415 2685 430
2486 2636 2699 2703 usque
2772 2619 2855 2686 ad

296 2744 547 2793 annum
618 2729 751 2793 410
828 2726 1174 2794 Persarum
1264 2727 1492 2805 fuisse,
1573 2728 1846 2794 Notium
1936 2731 2154 2793 autem
2245 2744 2361 2809 per
2438 2728 2562 2792 hos
2640 2745 2858 2794 annos

296 2832 810 2901 Atheniensibus
858 2853 1006 2902 esse
1056 2839 1404 2902 servatum.

514 2957 705 3024 Unde
772 2961 915 3024 sine
975 2961 1175 3025 nimia
1230 2964 1591 3027 temeritate
1649 2980 1684 3025 e
1741 2960 2209 3045 Xenophontis
2267 2979 2538 3045 quoque
2597 2959 2856 3026 silentio

298 3064 618 3131 nonnulla
675 3064 980 3131 concludi
1040 3084 1246 3150 posse
1303 3072 1597 3152 apparet,
1658 3069 1713 3134 si
1774 3068 2056 3145 aliunde,
2106 3086 2278 3151 quae
2328 3086 2363 3133 e
2411 3068 2856 3152 Xenophonte

286 3175 474 3257 sequi
525 3173 893 3251 videantur,
942 3173 1182 3238 firmari
1235 3178 1536 3257 possunt.

511 3297 705 3365 Anno
775 3300 909 3365 410
979 3304 1135 3384 post
1209 3318 1515 3386 magnam
1588 3303 1764 3368 illam
1833 3304 2175 3370 victoriam
2237 3302 2629 3387 Cyzicenam
2681 3302 2856 3368 Alci-

289 3406 524 3473 biades
569 3407 826 3472 vehitur
874 3425 1022 3472 cum
1073 3406 1285 3473 classe
1335 3406 1711 3473 Perinthum
1764 3415 1826 3476 et
1867 3406 2322 3496 Selymbriam.
2422 3411 2498 3478 Et
2542 3409 2853 3476 Perinthii

285 3512 785 3581 Atheniensium
877 3516 1231 3581 exercitum
1313 3516 1379 3579 in
1471 3516 1796 3599 oppidum
1878 3518 2338 3597 intromittunt,
2419 3515 2852 3602 Selymbriani

499 3787 582 3837 223.
627 3781 949 3838 Prenzelius
990 3782 1434 3838 Wilamowitzio
1473 3785 1706 3839 auctore
1746 3786 1818 3839 ad
1860 3786 2001 3839 haee
2054 3785 2300 3839 animum
2358 3785 2654 3840 intendens
2695 3786 2851 3854 quod

289 3872 343 3926 in
383 3871 666 3927 dissertat.
707 3871 881 3928 citata
921 3887 973 3941 p.
1018 3874 1100 3938 19,
1146 3876 1207 3926 19
1245 3872 1357 3927 iam
1397 3872 1546 3928 idem
1589 3873 1803 3938 statuit,
1853 3873 2008 3942 quod
2058 3888 2166 3943 ego
2217 3889 2447 3944 quoque
2495 3875 2740 3944 cognovi
2781 3875 2853 3929 de

289 3960 554 4029 Ephesiis
593 3964 648 4016 et
675 3960 943 4032 Cymaeis
982 3962 1109 4030 ipse
1146 3976 1378 4031 quoque
1414 3962 1552 4017 haec
1583 3977 1777 4018 curare
1804 3977 1838 4018 a
1866 3961 2314 4018 Wilamowitzio
2356 3965 2567 4029 iussuS,
2606 3964 2849 4032 gaude0.

289 4049 525 4106 Cnidios
582 4053 714 4105 ante
771 4064 976 4106 annum
1025 4056 1132 4106 412
1189 4051 1476 4107 defecisse
1533 4066 1644 4106 non
1703 4054 1913 4116 statu0,
1978 4067 2105 4108 cum
2163 4066 2267 4107 eos
2326 4053 2610 4108 defecisse
2667 4056 2852 4109 narret

288 4139 659 4209 Thucydides
698 4155 881 4209 neque
920 4141 1029 4196 iam
1070 4145 1197 4198 ante
1237 4156 1444 4197 annum
1484 4145 1588 4196 412
1628 4156 1734 4198 eos
1774 4142 2061 4198 defecisse
2114 4144 2316 4199 tradat.
2392 4142 2480 4198 De
2521 4141 2850 4198 Phocaeen-

288 4229 450 4285 sibus
489 4244 717 4299 quoque
757 4229 915 4285 aliter
951 4232 1313 4287 statuendum
1353 4246 1488 4289 esse
1525 4235 1695 4302 atque
1738 4232 2064 4288 Prenzelius
2103 4233 2325 4298 iudicat,
2366 4235 2619 4301 apparet.

501 4324 586 4374 24.
629 4320 818 4376 Locos
898 4321 1082 4376 attulit
1162 4321 1545 4377 Kirchhoffius
1609 4322 1661 4377 in
1726 4322 2299 4392 Tributpflichtigkeit
2373 4323 2474 4378 der
2547 4322 2839 4379 Attischen

287 4409 614 4471 Kleruchen.
657 4408 726 4470 cf.
769 4409 1266 4472 Wilamowitzium
1306 4411 1921 4490 Thucydideslegende
1961 4412 2200 4469 Hermae
2242 4416 2324 4480 1-2,
2363 4428 2415 4484 p.
2456 4415 2579 4480 338,
2619 4417 2702 4468 21.
