3426 5306
1321 564 1745 631 ...15—

241 774 627 858 Tyrrhenos
722 775 970 841 Lemno
1075 773 1413 859 expulisse
1507 775 1810 854 traditur,
1917 776 1981 841 id
2084 776 2268 859 quod
2374 778 2465 843 eo'
2547 776 2810 844 facilius

238 881 490 948 facturn
565 901 714 949 esse
790 882 991 949 statui
1064 886 1310 967 potest,
1385 881 1999 967 quodplerosque
2065 883 2453 967 Tyrrhenos
2520 886 2649 950 iam
2718 885 2804 950 ab

244 989 461 1057 Otane
512 991 970 1077 Lycaretoque
1028 996 1303 1058 necatos
1352 990 1512 1057 ‘esse
1560 992 1760 1058 tradit
1808 990 2190 1059 Herodotus
2240 991 2314 1058 V.
2366 993 2470 1058 27.
2568 991 2806 1076 Neque

241 1100 532 1182 spatium
599 1098 1294 1166 annorum‘499—94
1359 1100 1628 1165 brevius
1686 1102 1786 1165 est
1844 1117 2044 1183 quam
2104 1100 2394 1184 spatium
2453 1118 2804 1179 annorum,

186 1199 191 1204 ’
242 1206 491 1289 quibus
559 1210 716 1273 ante
781 1207 1026 1274 bellum
1098 1205 1479 1292 Scythicum
1539 1205 1735 1273 Darei
1809 1208 2176 1274 Miltiadem
2249 1210 2314 1273 in
2375 1207 2805 1277 Chersoneso

243 1331 562 1398 regnasse
612 1315 1034 1381 statuendum
1086 1318 1205 1381 est.

455 1422 533 1488 Et
579 1423 923 1506 quomodo
956 1422 1325 1489 Miltiadem
1363 1422 1633 1506 Cypseli
1667 1423 1877 1489 filium
1913 1424 2040 1489 iam
2077 1425 2395 1491 Lemnum
2430 1442 2804 1508 occupasse

240 1532 546 1614 hancque
593 1529 872 1615 gloriam
925 1529 1226 1599 Cimonis
1270 1529 1478 1596 filium
1530 1532 1859 1598 immerito
1909 1532 2089 1615 apud
2138 1531 2552 1600 Herodotum
2602 1551 2806 1602 nanc-

238 1642 378 1704 tum
429 1655 578 1704 esse
628 1640 830 1705 statui
881 1638 1153 1723 potest?

451 1745 968 1814 Accuratissime
1017 1747 1100 1812 de
1149 1746 1465 1814 Philaidis
1498 1747 1740 1814 doctus
1774 1751 1874 1813 est
1909 1746 2321 1815 Herodotus:
2374 1748 2473 1814 VI.
2516 1750 2798 1818 34—41.

245 1856 621 1921 103—104:
752 1855 1067 1921 Herodoti
1150 1856 1232 1921 de
1304 1856 1407 1921 his
1477 1858 1819 1922 auctorem
1890 1854 2333 1922 Philaidarum
2402 1875 2507 1924 res
2575 1862 2805 1943 gestas

238 1963 490 2046 optime
540 1965 813 2029 novisse
861 1967 1159 2046 apparet.
1260 1962 1436 2043 Quin
1488 1964 1638 2028 huic
1673 1962 1994 2030 Herodoti
2040 1965 2293 2031 auctori
2330 1966 2633 2050 ignotum
2669 1984 2801 2037 non

234 2070 453 2148 fuerit,
514 2075 729 2137 utrum
781 2069 1055 2156 Cypseli
1114 2089 1197 2136 an
1250 2068 1551 2139 Cimonis
1604 2070 1786 2137 filius
1821 2071 2135 2137 Lemnum
2187 2075 2632 2157 occupaverit,
2683 2075 2804 2140 du·-

237 2177 428 2243 bitari
490 2196 622 2243 non
683 2182 926 2262 potest.
1027 2179 1104 2246 Et
1163 2179 1444 2246 debetur
1501 2180 1650 2244 huic
1700 2178 2019 2247 Herodoti
2079 2182 2330 2247 auctori
2382 2182 2448 2247 id
2507 2200 2800 2266 quoque,

238 2286 421 2368 quod
479 2286 848 2352 Miltiadem
912 2285 1215 2355 Cimonis
1282 2287 1490 2352 filium
1552 2287 1869 2352 Lemnum
1945 2305 2316 2371 occupasse
2388 2293 2612 2357 narrat
2670 2290 2802 2356 He·-

239 2392 519 2459 rodotus
568 2393 670 2459 VI.
730 2395 871 2460 140.
970 2392 1144 2462 Sane
1180 2396 1243 2460 in
1280 2395 1376 2461 eis
1420 2412 1592 2478 quae
1628 2393 1730 2459 VI.
1778 2395 2126 2463 137-140
2165 2400 2526 2478 narrantur,
2579 2399 2802 2469 insunt

234 2498 504 2565 fabulae
552 2499 1056 2568 Atheniensium
1116 2503 1455 2588 vulgatae:
1519 2503 1638 2569 sed
1685 2501 2070 2569 Miltiadem
2114 2503 2432 2572 Elaeunte
2480 2506 2798 2573 Lemnum

237 2609 611 2693 navigasse,
673 2608 1118 2694 Hephaestios
1167 2610 1444 2678 Miltiadi
1497 2628 1630 2676 non
1682 2611 2001 2679 restitisse
2048 2612 2436 2697 Myrinaeos
2485 2616 2802 2685 restitisse

235 2715 393 2781 talia
464 2717 572 2781 vix
645 2718 839 2784 tradit
891 2736 1111 2785 sermo
1182 2718 1575 2804 vulgarisz2²
1646 2721 1871 2803 itaque
1944 2722 1998 2786 si
2067 2719 2475 2788 Herodotum
2535 2724 2597 2788 in
2655 2722 2801 2791 aliis

236 2825 558 2907 optimum
602 2825 684 2891 de
718 2824 1035 2892 Philaidis
1069 2829 1458 2894 instructum
1493 2826 1963 2893 Atheniensem
2000 2829 2432 2912 nescioquem
2464 2834 2800 2899 auctorem

235 2933 426 3014 sequi
487 2935 764 3011 constat,
828 2934 991 2999 haec
1050 2952 1322 3017 quoque
1384 2935 1534 3000 huic
1592 2937 1848 3002 auctori
1908 2936 2132 3001 deberi
2192 2941 2293 3003 est
2353 2939 2795 3005 statuendum.

233 3037 596 3119 Accedunt,
673 3043 735 3106 et
806 3041 990 3123 quod
1062 3041 1403 3108 Miltiades
1474 3059 1653 3107 anno
1721 3044 1853 3109 493
1925 3062 1960 3109 e
2019 3042 2451 3113 Chersoneso
2511 3046 2797 3112 Imbrum

230 3146 416 3231 fugit,
484 3148 573 3213 ita
634 3151 702 3214 ut
762 3148 1046 3214 Imbrum
1096 3154 1250 3216 tunc
1300 3167 1434 3215 non
1486 3148 1839 3215 Persarum
1886 3150 2095 3218 fuisse
2142 3152 2497 3219 verisimile
2543 3153 2682 3233 fiat,
2734 3155 2798 3220 id

235 3255 418 3337 quod
465 3253 728 3321 facilius
776 3257 971 3322 statui
1022 3260 1267 3339 potest,
1319 3258 1372 3323 si
1423 3258 1704 3341 primum
1755 3258 1842 3323 ab
1880 3256 2098 3325 Otane
2147 3259 2385 3326 deinde
2428 3278 2469 3327 a
2499 3260 2797 3329 Miltiade

235 3380 432 3445 quarn
484 3364 537 3429 si
589 3365 873 3446 primurn
922 3382 962 3429 a
1007 3363 1303 3431 Miltiade
1354 3367 1495 3431 sive
1531 3364 1806 3451 Cypseli
1857 3368 1997 3433 sive
2034 3365 2334 3436 Cimonis
2380 3369 2523 3435 filio
2557 3370 2798 3437 deinde

236 3469 324 3535 ab
376 3468 596 3537 Otane
645 3471 885 3536 deinde
932 3489 972 3536 a
1013 3471 1311 3538 Miltiade
1347 3470 1648 3541 Cimonis
1702 3473 1844 3539 filio
1895 3480 2261 3558 occupatae
2311 3480 2465 3543 sunt
2512 3477 2814 3565 Lemnus>

233 3581 296 3644 et
348 3578 620 3657 ImbruS,
682 3584 744 3646 et
793 3579 976 3663 quod
1036 3580 1134 3645 eis
1192 3597 1365 3664 quae
1416 3579 1800 3647 Herodotus
1849 3581 1932 3647 de
1982 3580 2300 3649 Philaidis
2350 3588 2583 3664 narrat,
2636 3587 2794 3652 nihil

232 3685 414 3752 addit
449 3686 877 3771 Thucydides
911 3686 1353 3753 Philaidarum
1391 3690 1535 3773 ipse
1571 3690 1992 3773 propinquus
2008 3688 2081 3770 2⁸,
2134 3693 2245 3775 qui
2288 3690 2418 3758 tale
2452 3692 2536 3759 de
2573 3693 2795 3761 Lemni

228 3829 479 3885 traditur.
557 3829 761 3885 Verbis
811 3832 979 3902 τρίτῳ
1027 3831 1136 3884 ἔτει
1183 3833 1389 3885 τούτων
1437 3832 1585 3887 idem
1634 3834 1864 3902 tempus
1914 3834 2083 3902 atque
2134 3834 2327 3889 verbis
2375 3841 2547 3890 ταῦτα
2592 3838 2692 3902 μὲν
2730 3841 2799 3910 δὴ

228 3921 399 3990 τρίτῳ
439 3919 548 3974 ἔτει
587 3922 859 3992 πρότερον
899 3923 1145 3992 ἐγεγόνεε
1191 3929 1297 3975 τῶν
1342 3923 1470 3975 τότε
1507 3944 1596 3987 μιν
1644 3924 1978 3995 κατεχόντων
2026 3923 2332 3993 significari
2389 3926 2661 3995 probatur
2699 3928 2794 3984 illo

230 4012 325 4080 δὴς
389 4024 524 4079 ergo
584 4011 770 4080 priore
838 4012 968 4067 loco
1025 4013 1192 4084 τρίτῳ
1257 4013 1366 4065 ἔτει
1432 4010 1586 4083 [πρὸ]
1651 4015 1859 4067 τούτων
1915 4017 2005 4070 est
2060 4015 2445 4072 scribendum:
2511 4019 2797 4087 supplevit

227 4099 491 4157 SteiniuS.
581 4099 759 4157 Valde
802 4104 987 4157 errant
1025 4104 1096 4158 de
1135 4103 1242 4168 his,
1290 4105 1349 4158 ut
1387 4106 1635 4173 apparet,
1689 4103 1961 4171 HerstiuS‚
2002 4105 2269 4175 philolog.
2309 4110 2393 4173 49,
2450 4111 2566 4173 145,
2606 4109 2662 4163 et
2700 4109 2793 4178 qui

230 4206 364 4247 eum
405 4192 655 4260 sequitur
694 4190 985 4247 Busoltius
1028 4192 1252 4251 Griech.
1294 4193 1471 4252 Gech.
1513 4193 1604 4248 ll.2
1642 4196 1815 4260 5313.

445 4284 530 4336 22.
570 4282 640 4338 cf.
681 4281 974 4354 Meyerum
1015 4283 1245 4340 Forsch.
1285 4302 1333 4339 z.
1375 4285 1466 4339 alt.
1505 4283 1716 4342 Gesch.
1758 4284 1794 4340 1.
1836 4300 1887 4354 p.
1934 4286 2065 4351 18,1.

442 4377 528 4428 23.
568 4371 779 4428 Olorus
817 4371 1097 4428 Thracum
1146 4388 1242 4429 rex
1294 4377 1450 4444 pater
1505 4377 1595 4430 est
1631 4374 1905 4430 Miltiadis
1946 4374 2203 4431 Cimonis
2241 4376 2339 4431 tilii
2380 4377 2574 4433 uxoris
2612 4379 2793 4436 Thra-

223 4464 349 4521 ciae
391 4463 790 4535 Hegesipylae:
830 4463 1038 4521 Herod.
1079 4463 1164 4519 Vl.
1205 4468 1298 4521 39:
1375 4462 1609 4520 Olorum
1650 4466 1933 4537 quendam
1971 4465 2151 4522 fuisse
2183 4467 2536 4539 Thucydidis
2575 4472 2791 4540 patrem
