3426 5306
1694 520 1946 622 „14
2039 596 2115 607 .-

614 761 980 830 Miltiadem
1017 761 1317 831 Cimonis
1346 762 1558 829 filium
1595 763 1819 830 multis
1852 765 2049 830 annis
2093 768 2248 831 ante
2298 764 2540 831 bellum
2578 762 2961 851 Scythicum
2993 768 3182 835 fratri

615 873 1025 938 successisse
1071 875 1134 938 et
1183 871 1422 937 deinde
1472 876 1627 938 ante
1678 871 1925 937 bellum
1977 869 2359 958 Scythicum
2396 873 2645 940 Lemno
2696 892 2846 941 esse
2896 878 3183 959 potitum

614 980 724 1047 vix
774 980 976 1047 statui
1028 997 1233 1063 posse
1284 981 1410 1045 iam
1464 984 1761 1064 apparet.

831 1087 1018 1154 Brevi
1079 1091 1382 1172 tempore
1441 1091 1598 1172 post
1657 1086 1857 1154 Darei
1922 1090 2420 1173 expeditionem
2484 1087 2863 1176 Scythicam
2927 1090 3189 1159 Otanes

617 1196 933 1261 Lemnum
1005 1200 1067 1262 et
1118 1195 1404 1261 Imbrum
1479 1200 1820 1280 expugnat
1890 1200 2383 1282 tyrannumque
2433 1198 2738 1282 praeficit
2789 1199 3185 1284 Lycaretum

616 1300 912 1369 Samium
985 1302 1286 1369 barbaris
1358 1305 1470 1386 qui
1546 1309 1914 1387 supersunt
1984 1305 2068 1371 de
2126 1306 2361 1373 harum
2422 1306 2786 1373 insularum
2846 1308 3189 1374 veteribus

616 1409 868 1488 incolis,
907 1428 1082 1494 quos
1108 1409 1435 1494 Pelasgos
1470 1412 1769 1477 nominat
1798 1410 2199 1492 HerodotuS,
2228 1413 2613 1499 Tyrrhenos
2643 1415 2854 1480 fuisse
2882 1417 3187 1498 inprimis

616 1510 1044 1604 Thucydides
1102 1517 1236 1605 (IV.
1298 1521 1440 1598 109,
1498 1518 1572 1606 4)
1623 1520 1839 1586 docet.
1916 1519 2158 1586 Herod.
2214 1521 2287 1587 V.
2348 1523 2453 1588 26.
2507 1523 2611 1588 27.
2710 1522 2901 1588 Tunc
2955 1521 3183 1607 JoneS,

616 1629 728 1710 qui
763 1631 922 1693 tunc
949 1626 1171 1693 Persis
1201 1627 1573 1693 fidelissimi
1611 1632 1769 1694 tunc
1805 1630 2024 1711 ipsum
2056 1629 2259 1695 fidem
2295 1630 2380 1695 ad
2416 1630 2653 1696 Istrum
2689 1633 3184 1714 praestiterant,

617 1734 726 1819 (cf.
782 1736 1084 1818 inprimis
1133 1734 1374 1800 Herod.
1430 1735 1503 1800 V.
1565 1734 1718 1822 105)
1769 1735 2074 1821 aliosque
2110 1735 2410 1804 Graecos
2459 1736 2811 1804 Persarum
2866 1739 3186 1822 auspiciis

619 1843 938 1920 Lemnum
971 1842 1397 1926 Imbrumque
1448 1844 1864 1927 immigrasse
1900 1845 2329 1910 statuendum
2373 1850 2502 1912 est:
2555 1863 2734 1910 anno
2767 1847 2900 1912 480
2934 1846 3185 1911 Lemnii

616 1949 854 2017 Graeci
888 1951 1098 2016 fuisse
1132 1951 1442 2017 dicuntur
1475 1950 1717 2017 Herod.
1760 1951 1919 2017 VIII.
1968 1953 2064 2016 11.
2159 1951 2282 2018 Per
2313 1953 2759 2038 Megabyzum
2796 1957 2857 2019 et
2896 1952 3184 2020 Otanem

617 2061 773 2142 post
833 2058 1076 2123 bellum
1137 2056 1518 2142 Scythicum
1580 2057 1824 2124 Persae
1882 2060 2132 2124 domini
2191 2061 2361 2126 fiunt
2422 2060 2748 2126 Thraciae
2807 2060 3046 2126 Herod.
3104 2060 3177 2126 V.

623 2167 646 2230 l
706 2183 853 2249 sqq.
955 2166 1086 2231 Iam
1137 2166 1289 2231 belli
1342 2163 1632 2250 Scythici
1684 2170 1989 2250 tempore
2038 2167 2354 2234 Miltades
2389 2166 2693 2236 Cimonis
2737 2168 2918 2234 filius
2963 2168 3187 2234 fidelis

620 2278 719 2340 est
770 2291 1005 2339 servus
1040 2272 1390 2340 Persarum
1428 2276 1630 2358 regis:
1728 2274 2098 2341 Miltiadem
2131 2275 2339 2361 Jones
2374 2280 2652 2360 pontem
2689 2276 2832 2343 Istri
2875 2294 3185 2359 rumpere

617 2381 894 2446 iussisse
927 2378 1201 2466 (Herod.
1240 2381 1340 2447 IV.
1390 2384 1530 2449 137.
1571 2382 1672 2448 VI.
1711 2382 1828 2470 34)
1878 2401 1917 2448 a
1952 2382 2270 2450 Philaidis
2304 2389 2403 2451 est
2440 2385 2691 2463 fictum,
2744 2387 2812 2449 ut
2847 2384 3187 2450 Miltiades

613 2488 875 2554 facilius
952 2489 1414 2556 absolveretur
1485 2489 1767 2557 Athenis
1846 2492 2216 2576 tyrannidis
2296 2494 2565 2558 crimine
2645 2496 3030 2558 accusatus:
3128 2494 3182 2557 si

616 2596 955 2664 Miltiades
1000 2597 1206 2683 Jones
1265 2600 1329 2663 in
1383 2595 1695 2683 Scythico
1756 2598 1932 2665 bello
1991 2599 2123 2667 tale
2178 2599 2400 2666 facere
2461 2601 2787 2678 iussisset,
2848 2601 2977 2665 iam
3026 2602 3188 2666 tunc

618 2723 753 2770 non
824 2707 1054 2791 viginti
1127 2706 1262 2772 fere
1333 2707 1529 2773 annis
1587 2712 1742 2790 post
1803 2705 2041 2773 Persas
2098 2706 2485 2792 fugisset;2⁰
2541 2712 2695 2774 ante
2755 2726 3003 2773 annum
3050 2709 3185 2775 499

616 2812 955 2880 Miltiades
1004 2833 1086 2879 ne
1129 2815 1460 2906 potuisset
1496 2815 1763 2898 quidem
1800 2818 2031 2881 contra
2065 2814 2305 2882 Persas
2349 2815 2689 2895 rebellare,
2736 2817 2790 2882 si
2836 2815 3182 2882 voluisset.

833 2920 1096 3001 Quibus
1162 2922 1244 2987 de
1305 2923 1525 2987 causis
1585 2922 1955 2988 Miltiadem
2009 2921 2313 2992 Cimonis
2381 2924 2591 2990 filium
2642 2925 2959 2991 Lemnum
3028 2925 3181 2991 belli

615 3028 828 3114 Jonici
889 3031 1083 3096 annis
1131 3027 1445 3116 (499s94)
1506 3048 1880 3115 occupasse
1930 3033 2356 3099 statuendum
2407 3038 2527 3112 est,
2578 3032 2815 3099 Herod.
2874 3032 2974 3098 VI.
3038 3033 3183 3112 140,

622 3140 684 3202 et
758 3141 930 3204 certe
1002 3141 1155 3204 ante
1227 3156 1476 3203 annum
1523 3139 1674 3220 495,
1753 3157 1889 3223 quo
1961 3157 2140 3205 anno
2213 3158 2252 3205 a
2319 3138 2586 3226 Scythis
2657 3159 2692 3206 e
2755 3138 3187 3209 Chersoneso

627 3244 949 3328 expulsus
1014 3263 1052 3311 a
1101 3244 1427 3311 Doloncis
1487 3247 1802 3314 reductus
1860 3251 1990 3314 est:
2087 3247 2329 3314 Herod.
2369 3248 2494 3314 .V1.
2547 3247 2725 3316 40.²¹
2816 3247 3188 3314 Miltiadem

847 3462 927 3513 19.
969 3459 1139 3524 Quod
1187 3460 1231 3532 J.
1272 3459 1342 3518 G.
1393 3460 1501 3517 Sic.
1560 3462 1671 3517 ltal.
1724 3466 1860 3518 1297
1909 3464 2113 3518 eodem
2163 3479 2327 3529 ann0,
2386 3478 2499 3533 quo
2550 3462 2906 3533 Hipparchus
2954 3466 3191 3519 necatus

622 3551 711 3605 est
747 3553 868 3615 514,
909 3549 1156 3605 Dareum
1199 3551 1298 3606 iter
1324 3550 1611 3623 Sythicum
1652 3554 1985 3623 suscepisse
2025 3557 2291 3620 narratur,
2334 3568 2434 3624 per
2473 3568 2537 3608 se
2575 3554 2734 3623 parvi
2775 3556 2864 3609 est
2902 3556 3189 3610 momenti.

629 3638 792 3694 Anno
831 3641 994 3709 608l7
1036 3655 1149 3709 quo
1179 3639 1554 3697 Athenienses
1579 3641 1791 3699 Sardes
1819 3644 2042 3712 legatos
2083 3644 2314 3709 mittunt,
2357 3643 2548 3710 (Arist.
2577 3642 2701 3698 Ath.
2743 3644 2856 3713 pol.
2896 3648 2990 3711 20;
3039 3647 3191 3709 21,1:

627 3728 833 3784 Herod.
887 3729 950 3784 V.
1003 3728 1096 3800 73)
1156 3730 1266 3785 iam
1338 3730 1720 3802 Artaphernes
1788 3731 2063 3789 Sardibus
2119 3736 2227 3803 *est
2302 3736 2556 3803 satrapa;
2633 3733 2855 3790 Dareus
2915 3733 3192 3790 Sardibus

618 3817 767 3874 Susa
850 3818 1203 3888 profecturus
1290 3820 1694 3891 Artaphernem
1783 3825 2070 3892 satrapam
2160 3826 2380 3879 crearat
2452 3826 2509 3879 et
2600 3838 2698 3893 per
2791 3823 2941 3879 haud
3015 3824 3193 3880 breve

622 3911 845 3978 tempus
899 3911 1033 3978 post
1088 3910 1294 3965 bellum
1333 3910 1655 3981 Scythicum
1695 3911 1919 3967 Dareus
1959 3911 2236 3968 Sardibus
2287 3916 2538 3969 moratus
2587 3915 2719 3978 erat,
2771 3928 2885 3983 quo
2935 3917 3193 3984 tempore

629 3998 916 4054 Histiaeus
979 3998 1295 4069 Myrcinum
1360 4001 1471 4055 iam
1534 4004 1844 4071 occuparat
1906 4002 2111 4057 Herod.
2178 4003 2242 4057 V.
2307 4006 2393 4068 23,
2469 4002 2827 4074 Megabyzus
2890 4003 3191 4059 Thraciam

634 4087 825 4143 Dareo
894 4089 1225 4145 subiecerat.
1321 4090 1484 4145 Unde
1532 4089 1795 4161 Scythica
1852 4092 2139 4161 expeditio
2188 4092 2403 4161 aliquot
2449 4093 2611 4148 annis
2660 4095 2787 4148 ante
2835 4107 3039 4148 annum
3088 4098 3198 4149 510

594 4181 900 4263 ‚suscepta
938 4194 1072 4234 esse
1111 4181 1411 4236 statuenda
1448 4183 1551 4236 est.
1592 4197 1645 4235 v.
1686 4180 1980 4251 Meyerum
2020 4180 2231 4239 Gesch.
2272 4183 2325 4237 d.
2366 4181 2555 4239 Altert.
2598 4183 2669 4237 lll.
2710 4181 2750 4253 ἓ
2791 4188 2872 4238 70.

630 4256 643 4266 ’
840 4273 923 4325 20.
966 4269 1256 4339 Cognovit
1292 4270 1561 4340 Meyerus
1600 4270 1946 4328 Geschichte
1984 4272 2088 4327 des
2128 4271 2435 4329 Altertums
2476 4272 2551 4327 111.
2594 4271 2634 4343 ἓ
2675 4277 2759 4327 70.

843 4363 927 4414 21.
969 4359 1116 4424 Quin
1165 4360 1273 4415 hoc
1313 4361 1496 4430 capite
1535 4362 1741 4414 νεωστί
1773 4362 1845 4417 ad
1885 4375 2089 4417 annum
2138 4365 2242 4417 493
2283 4364 2357 4419 sit
2391 4362 2759 4429 referendum,
2799 4363 3039 4420 dubitari
3077 4380 3194 4419 non

620 4452 824 4521 potest.
890 4449 1045 4505 Initio
1086 4450 1288 4520 capitis
1344 4459 1450 4505 τῶν
1487 4452 1899 4520 ἑιαταλαβόντων
1938 4454 2270 4526 πρηγμάτων
2298 4456 2432 4525 (non
2458 4455 2791 4525 κατεχόντων
2829 4457 3190 4528 πρηγμάτων)
