3426 5306
1678 575 2102 642 *58⁶-

624 796 742 870 per
819 779 1111 870 privatos
1182 779 1512 869 quosdam
1584 784 2034 858 Athenienses
2109 822 2189 832 -——
2262 786 2388 852 hos
2447 788 2744 870 privatos
2802 807 2952 857 esse
3012 788 3190 860 cives

616 893 1153 960 Athenienses
1192 893 1550 959 tenendum
1580 896 1710 959 est:
1739 891 2075 959 V.Andoc.
2107 893 2189 958 de
2216 898 2481 978 myster.
2513 893 2620 982 (l.)
2655 897 2775 976 84;
2800 897 2881 962 cf.
2917 897 3185 965 Aristot.

596 1000 771 1067 Atii.
810 1000 945 1084 pol.
980 999 1196 1080 55,2;7
1229 1038 1311 1047 -
1349 1001 1726 1067 censendas
1762 1004 2009 1078 curant,
2064 1001 2151 1065 ita
2201 1004 2267 1066 ut
2303 1019 2437 1066 non
2476 1021 2608 1069 una
2644 1022 2793 1069 cum
2830 1006 3188 1073 maioribus

617 1108 1017 1187 civitatibuS,
1067 1126 1345 1192 quarum
1397 1107 1749 1174 clientulae
1796 1107 2077 1185 fuerant,
2128 1108 2367 1174 tributa
2416 1110 2704 1177 solvant.
2782 1110 2994 1180 Cuius
3038 1131 3189 1179 cen-

615 1234 733 1283 sus
810 1217 1098 1301 legitime
1169 1218 1338 1282 ratio
1409 1219 1510 1282 est
1577 1215 1915 1281 reddenda
1985 1215 2087 1281 his
2147 1216 2419 1298 privatis
2479 1234 2725 1284 census
2781 1221 3186 1301 auctoribus,

615 1326 741 1391 hos
799 1325 1099 1408 privatos
1156 1322 1331 1410 (non
1390 1322 1698 1406 publicos
1759 1317 2013 1403 τάκτας)
2083 1323 2277 1388 huius
2345 1341 2587 1390 census
2649 1343 2852 1393 causa
2910 1345 3188 1394 accusa-

618 1450 686 1497 re
754 1450 872 1515 per
929 1430 1110 1515 leges
1169 1430 1315 1495 licet
1371 1429 1736 1495 maioribus
1796 1429 1921 1495 illis
1980 1430 2377 1509 civitatibus,
2440 1432 2683 1514 quibus
2742 1452 2919 1499 novo
2982 1452 3187 1507 censu

616 1539 842 1604 harum
893 1540 1221 1603 minorum
1272 1539 1604 1603 civitatum
1657 1540 1948 1603 nocetur.
2048 1533 2180 1602 Sed
2232 1556 2297 1602 re
2345 1556 2503 1603 vera
2555 1541 2837 1606 maiores
2887 1543 3189 1608 civitates

615 1647 741 1712 hos
799 1647 1093 1730 privatos
1153 1663 1286 1709 non
1345 1648 1681 1722 accusant,
1745 1662 1892 1709 cum
1956 1661 2029 1709 se
2087 1662 2356 1710 causam
2421 1646 2601 1728 apud
2663 1647 2978 1714 heliastes
3038 1666 3187 1732 per-

614 1755 868 1821 dituros
926 1771 1076 1819 esse
1135 1769 1523 1836 persuasum
1575 1751 1883 1817 habeant.
1983 1748 2216 1837 (Quod
2267 1755 2328 1814 οἱ
2376 1751 2631 1815 ἰδιῶται
2679 1754 2919 1820 dicitur
2966 1756 3031 1820 in
3085 1756 3187 1821 his

610 1860 837 1938 titulis,
899 1861 1311 1946 significatur
1368 1858 1648 1925 articulo
1708 1861 1770 1920 οἱ
1827 1875 1964 1923 eos
2023 1859 2317 1941 privatos
2368 1877 2610 1926 census
2660 1879 2810 1928 esse
2858 1865 3185 1940 auctoreS‚

614 1970 726 2051 qui
779 1970 845 2033 in
906 1985 1150 2034 census
1208 1968 1478 2033 decreto
1538 1967 1974 2031 nominentur.
2074 1966 2141 2031 ln
2205 1984 2449 2033 census
2508 1968 2778 2035 decreto
2836 1971 2999 2034 haec
3047 1969 3185 2035 fere

614 2077 897 2140 inerant:
948 2067 1018 2158 [ὃ
1061 2073 1255 2158 δεῖνα]
1307 2074 1453 2137 εἶπε
1495 2075 1602 2136 καὶ
1637 2071 2044 2147 Κλεωναίους
2082 2067 2158 2158 [Π
2194 2079 2414 2158 φέρειν
2452 2075 2552 2157 [οἱ
2595 2074 2829 2159 δεῖνες]
2860 2077 3187 2151 Αἱσᾱίους

614 2185 721 2245 καὶ
794 2187 853 2245 Γ
850 2186 1136 2266 ιγωνίους
1206 2185 1313 2245 καὶ
1370 2179 1755 2262 {coemamus-
1812 2183 1918 2242 καὶ
1969 2183 2335 2254 Κιῧασίους
2391 2184 2499 2244 καὶ
2564 2182 2908 2262 Τινὸαίους
2937 2187 3188 2253 7ΧΧΧ

618 2296 837 2375 φέρειν
885 2288 1036 2377 ete.)

826 2415 1065 2481 Earum
1142 2417 1500 2495 civitatum,
1572 2431 1745 2497 quae
1819 2432 1938 2497 per
2009 2415 2306 2498 privatos
2376 2419 2748 2495 censentur,
2824 2418 3184 2497 nescimus,

611 2525 799 2589 cuius
867 2524 1135 2589 maioris
1202 2524 1487 2588 civitatis
1544 2521 1817 2587 clientes
1874 2524 2025 2586 ante
2088 2539 2335 2587 annum
2406 2523 2485 2589 18
2539 2523 2781 2589 fuerint
2840 2521 3184 2591 Cleonaei.

826 2628 1026 2710 Quod
1061 2631 1213 2696 inde
1247 2630 1330 2695 ab
1365 2647 1544 2696 anno
1579 2630 1657 2696 18
1685 2627 1910 2695 Pilorii
1949 2630 2074 2712 ipsi
2114 2630 2422 2696 tributum
2458 2629 2728 2696 solvunt
2752 2628 3185 2697 Atheniensi-

610 2741 737 2805 bus
795 2741 979 2823 ipsiS,
1041 2736 1519 2823 Sermylienses
1576 2737 1957 2820 puniuntur,
2020 2740 2088 2802 ut
2125 2736 2476 2803 verisimile
2536 2740 2661 2814 est3
2724 2736 2910 2823 (sunt
2955 2737 3182 2804 Pilorii

610 2845 1172 2931 Sermyliensibus
1203 2846 1399 2910 vicini
1435 2844 1675 2910 Herod.
1716 2843 1825 2910 Vll
1870 2845 1993 2909 122
2009 2841 2056 2930 3)
2100 2862 2251 2909 nam
2282 2841 2831 2928 Sermyliensium
2865 2845 3183 2912 tributum

609 2956 710 3021 his
772 2956 967 3020 annis
1025 2952 1132 3039 (C.
1180 2953 1232 3038 J.
1283 2951 1358 3017 A.
1415 2953 1454 3018 1.
1508 2953 1657 3017 242.
1711 2952 1861 3016 243.
1912 2949 2182 3037 438137.
2237 2951 2516 3037 437s36)
2577 2954 2906 3030 minuitur,
2966 2954 3053 3018 ita
3116 2958 3186 3030 ut

610 3061 970 3128 nonnullas
1019 3061 1184 3127 alias
1233 3078 1502 3144 quoque
1552 3060 1851 3125 civitates
1901 3055 2439 3143 Sermyliensium
2477 3059 2826 3125 clientulas
2867 3056 3184 3144 Sermyli-

609 3170 887 3237 ensibus
937 3174 1095 3236 tunc
1146 3172 1408 3252 ereptas
1457 3186 1606 3233 esse
1656 3166 2085 3233 statuendum
2136 3167 2234 3231 sit.

824 3275 1010 3356 Sinii,
1061 3294 1236 3360 quos
1285 3276 1560 3341 eosdem
1611 3291 1761 3340 esse
1812 3277 2006 3356 atque
2057 3270 2330 3339 Sindios
2380 3272 2619 3338 Herod.
2674 3273 2806 3339 VII.
2866 3274 2989 3339 123
3037 3276 3180 3339 veri

609 3389 708 3451 est
766 3383 1027 3462 simile⁸,
1090 3383 1405 3448 Haesonii
1467 3379 1739 3465 Gigonii
1793 3378 2084 3447 Smillaei
2136 3378 2413 3448 Cithasii
2472 3383 2625 3445 tunc
2671 3379 3182 3460 Atheniensium

608 3493 887 3559 clientes
952 3491 1140 3570 fiunt,
1216 3495 1285 3555 ut
1367 3490 1787 3555 statuendum
1869 3493 1985 3566 est,
2062 3491 2130 3553 ut
2199 3490 2560 3571 puniantur
2620 3484 2924 3570 Spartolii
2985 3484 3180 3553 Stolii
3267 3484 3275 3490 ’

608 3599 1011 3678 Potideatae‚
1064 3615 1345 3682 quorum
1392 3597 1634 3661 tributa
1684 3597 1787 3661 his
1834 3596 2029 3664 annis
2076 3597 2414 3679 augentur.
2488 3594 2663 3679 Ergo
2714 3593 3026 3678 lapidibis
3076 3614 3179 3674 ea,

606 3726 776 3791 quae
823 3708 904 3773 de
941 3706 1430 3772 Potideatarum
1469 3702 2008 3772 Chalcidensium
2045 3701 2476 3767 Thraciorum
2514 3701 2959 3768 Bottiaeorum
2996 3720 3179 3767 anno

615 3859 1027 3870 —————--—-

822 3939 865 3993 E
905 3954 1018 4009 quo
1058 3939 1222 3994 titulo
1265 3935 1420 4008 (266)
1462 3918 1699 4005 apparet
1741 3949 1854 3990 non
1876 3947 2081 3990 omnes
2121 3933 2317 3989 socios
2356 3948 2390 3988 a
2430 3932 2708 3988 iudicibus
2748 3931 3002 3987 censitos
3040 3947 3182 3991 esse

606 4045 789 4099 neque
829 4030 955 4083 huic
995 4024 1540 4096 obstat-[Xenoph]
1584 4025 1785 4080 Athen.
1827 4025 1937 4093 pol.
1980 4027 2080 4088 3‚5.
2158 4021 2446 4077 Docemur
2484 4022 2646 4076 titulo
2687 4024 2791 4076 266
2830 4021 3182 4091 quingentos

605 4120 879 4174 heliastas
927 4118 1131 4171 tributa
1172 4131 1255 4181 ea,
1316 4129 1464 4184 quae
1505 4114 1785 4169 iudicibus
1826 4113 2113 4169 censenda
2152 4114 2324 4176 erant,
2383 4125 2618 4167 censere
2659 4109 2864 4165 solitos
2905 4125 3063 4166 esse:
3125 4116 3185 4165 οἱ

603 4210 935 4263 πεντακόσιοι
967 4209 1018 4259 οἷ
1057 4207 1320 4277 ἡλιασταί.

815 4299 861 4350 7.
905 4295 1334 4351 Demonstravit
1370 4294 1689 4349 Koehlerus
1730 4293 1840 4367 ¹·.¹·
1879 4307 1932 4361 p.
1973 4293 2041 4344 66
2083 4305 2166 4360 sq.
2211 4290 2379 4344 Falso
2422 4288 2798 4344 Loeschkium
2856 4290 2911 4343 et
2954 4287 3174 4346 Busol-

598 4389 734 4443 tium
776 4400 984 4454 negare
1024 4375 1276 4453 apparet.

814 4481 863 4528 8.
903 4473 1226 4529 Statuerunt
1268 4471 1538 4540 Rangabe
1580 4470 1915 4525 BoeckhiuS.
