3426 5306
1702 550 2126 613 -18-

623 756 890 825 saeculo
942 760 1171 843 quinto
1224 758 1446 823 Lemni
1498 761 1560 824 et
1608 756 1799 822 Imbri
1852 758 2180 827 exstitisse
2215 761 2497 825 statuere
2531 760 2848 839 iubemur,
2912 763 2973 826 et
3008 761 3191 844 quod

628 867 873 932 Lemnii
935 866 1286 950 Imbriique
1352 866 1587 932 tributa
1656 866 1996 935 solventes
2053 867 2441 933 exhibentur
2497 869 3054 952 sexagesimamm
3114 870 3196 934 ti-

623 974 793 1052 tulis,
864 978 925 1041 et
979 971 1175 1061 [quod
1243 975 1617 1040 minuuntur
1675 975 1839 1041 haec
1895 977 2132 1043 tributa
2180 978 2357 1041 certo
2408 975 2698 1059 quodam
2749 993 2925 1041 anno
2977 995 3195 1060 neque

625 1082 755 1149 ulla
803 1083 929 1148 alia
977 1083 1058 1148 de
1109 1099 1309 1148 causa
1356 1082 1520 1147 haec
1567 1083 1804 1150 tributa
1853 1085 2099 1149 minuta
2149 1101 2298 1150 esse
2332 1086 2522 1149 statui
2558 1086 2797 1167 potest,
2852 1085 2973 1150 nisi
3010 1085 3193 1168 quod

623 1190 1120 1257 Atheniensium
1192 1189 1493 1255 coloniae
1553 1191 1615 1254 in
1677 1191 1928 1258 insulas
1986 1193 2114 1258 sint
2172 1191 2511 1270 deductae,
2574 1194 2635 1257 et
2695 1192 2877 1274 quod
2938 1191 3195 1258 Atticos

626 1298 926 1377 colonOS‚
987 1299 1040 1363 si
1101 1299 1211 1382 qui
1272 1300 1422 1363 sunt
1479 1315 1517 1362 a
1563 1297 1866 1365 Miltiade
1926 1301 1989 1364 in
2050 1299 2301 1365 insulas
2360 1299 2643 1378 deducti,
2703 1299 2882 1365 brevi
2944 1303 3098 1383 post
3154 1318 3196 1365 a

626 1405 845 1473 Persis
915 1404 1234 1490 expulsos
1293 1423 1442 1472 esse
1502 1407 1919 1472 statuendum
1972 1410 2089 1473 est.
2196 1406 2505 1473 Habitant
2554 1409 2719 1499 sjput
2769 1406 2970 1472 Andri
3020 1406 3192 1472 Naxi

623 1512 817 1600 (Plut.
870 1513 1096 1580 Pericl.
1157 1512 1265 1598 11)
1317 1511 1632 1582 Chalcide
1683 1513 1968 1580 Eretriae
2019 1515 2210 1580 etiam
2263 1514 2487 1579 Lemni
2540 1518 2601 1580 et
2652 1514 2841 1579 lmbri
2895 1518 2954 1581 et
2997 1514 3194 1581 Attici

626 1621 845 1687 coloni
899 1624 960 1688 et
1008 1621 1111 1686 alii
1163 1621 1420 1687 incolae
1470 1622 2030 1706 sexagesimarum
2079 1621 2282 1687 titulis
2328 1622 2626 1687 testibus.
2681 1660 2762 1667 —

841 1728 928 1796 Ut
976 1747 1055 1794 ea
1105 1746 1276 1812 quae
1325 1729 1695 1808 traduntur,
1748 1747 2175 1795 secernamus
2223 1730 2455 1805 abeis
2505 1747 2675 1813 quae
2711 1730 3023 1812 supplere
3077 1749 3197 1796 ne-

626 1854 815 1903 cesse
865 1840 995 1903 est:
1050 1855 1382 1921 nusquam
1432 1837 1710 1903 traditur
1760 1837 2078 1902 Lemnum
2130 1842 2285 1904 ante
2336 1855 2586 1902 annum
2634 1838 2883 1922 478s77
2934 1836 3196 1905 Atticos

625 1945 911 2011 colonos
958 1961 1107 2010 esse
1158 1945 1517 2022 deductos;
1569 1963 1649 2010 ex
1699 1945 1796 2011 eis
1845 1963 2018 2028 quae
2054 1945 2424 2024 traduntur,
2473 1944 2847 2011 Miltiadem
2877 1945 3194 2010 Lemnum

623 2051 778 2117 belli
825 2052 1041 2137 Jonici
1114 2052 1531 2135 temporibus
1603 2069 2032 2136 expugnasse
2107 2070 2241 2117 non
2302 2054 2499 2119 statui
2566 2071 2699 2117 non
2760 2052 3076 2136 potest;28
3122 2058 3197 2119 ut

625 2159 910 2225 colonos
957 2158 1217 2226 Atticos
1266 2176 1304 2224 a
1336 2160 1640 2226 Miltiade
1668 2160 1982 2226 Lemnum
2033 2160 2361 2226 deductos
2410 2178 2559 2226 esse
2610 2161 3036 2226 statuendum
3086 2162 3194 2240 sit,

626 2268 798 2333 hanc
846 2266 1358 2334 Atheniensium
1409 2268 1747 2333 coloniam
1799 2286 1838 2333 a
1887 2266 2105 2334 Persis
2177 2267 2466 2333 deletam
2540 2286 2690 2334 esse
2763 2268 3194 2335 statuendum

624 2378 742 2442 est.
839 2374 1185 2459 Nusquam
1238 2376 1460 2442 Lemni
1515 2377 1846 2460 lmbrique
1914 2376 2185 2442 saeculo
2239 2376 2468 2459 quinto
2519 2381 2781 2460 praeter
2830 2374 3197 2442 Athenien-

549 2570 553 2579 .
625 2485 793 2575 sium
846 2482 1152 2549 colonias
1196 2486 1500 2551 ‘civitates
1552 2502 1687 2550 non
1738 2483 1992 2550 Atticas
2042 2485 2376 2551 exstitisse
2435 2483 2738 2562 traditur;
2814 2501 2983 2568 quas
3033 2484 3197 2549 civi-

526 2578 540 2601 ”
624 2593 797 2658 tates
867 2591 1205 2659 exstitisse
1257 2592 1481 2660 Lemni
1555 2593 1885 2677 Imbrique
1955 2594 2236 2658 exeunte
2312 2609 2583 2675 quoque
2634 2591 2904 2657 saeculo
2956 2593 3195 2676 quinto

623 2702 916 2766 statuere
973 2703 1273 2766 vetamur
1322 2702 1508 2767 nullo
1558 2702 1962 2784 scriptorum
2015 2699 2186 2777 1000,
2263 2698 2564 2764 iubemur
2623 2702 3193 2784 sexagesimarum

623 2806 850 2874 titulis.
903 2844 985 2853 --
1038 2845 1120 2854 —

842 3222 998 3287 Tria
1046 3238 1296 3306 genera
1345 3219 1852 3287 Atheniensium
1931 3221 2326 3285 colonorum
2377 3219 2651 3286 saeculo
2703 3222 2938 3304 quinto
2987 3221 3199 3286 exsti-

624 3329 784 3395 tisse
836 3330 1114 3396 traditur
1160 3324 1554 3415 κληρούχους
1598 3320 1908 3404 ἀποίκους
1955 3331 2283 3407 ἐποίκους
2345 3329 2482 3394 duo
2515 3345 2765 3411 genera
2793 3326 3196 3393 colonorum

625 3439 960 3505 exstitisse
998 3437 1283 3504 colonos
1316 3439 1468 3502 ante
1504 3455 1723 3503 annos
1770 3438 2022 3520 480s79
2070 3438 2355 3503 emissos
2417 3441 2478 3503 et
2528 3436 2813 3501 colonos
2863 3439 3017 3519 post
3068 3436 3198 3502 hos

625 3565 846 3613 annos
894 3547 960 3612 in
1035 3545 1342 3612 colonias
1390 3546 1633 3612 ductos
1683 3564 1819 3610 non
1872 3546 2172 3623 traditur,
2246 3543 2346 3629 (ut
2395 3543 2526 3608 alia
2577 3561 2748 3627 quae
2798 3543 2880 3607 de
2933 3543 3197 3609 coloni-

625 3673 813 3722 arum
885 3654 1246 3739 generibus
1316 3656 1715 3732 statuuntur,
1793 3650 2183 3738 mittamus.)
2276 3650 2513 3734 Neque
2587 3649 2725 3714 ullo
2798 3651 3001 3716 modo
3061 3651 3196 3717 hoc

580 3764 824 3864 *statui
877 3765 1101 3845 potest
1117 3782 1132 3840 ;
1184 3762 1316 3826 imo
1368 3779 1604 3827 omnes
1632 3764 1894 3843 praeter
1917 3757 2321 3827 Salaminem
2350 3756 2856 3824 Atheniensium
2885 3759 3197 3826 colonias

638 3913 709 3925 .-
715 3893 1044 3926 ————

837 3999 923 4050 27.
966 3995 1134 4051 Falso
1175 3995 1351 4051 verba
1384 3993 1647 4049 Ἑστίαιαν
1685 3995 1955 4053 οἰκοῦντες
1991 3992 2268 4059 delentur3
2326 4005 2439 4045 non
2475 3990 2740 4061 Ἑστιαιῆς
2786 3993 2838 4044 οἱ
2886 3994 2940 4043 ἐν
2989 3989 3198 4064 Εὐβοίᾳ

626 4085 1049 4141 Atheniensium
1100 4087 1230 4140 sunt
1277 4084 1500 4150 ἄποικοι,
1555 4084 1659 4140 sed
1695 4082 1961 4153 Ἑστιαιῆς
2008 4084 2059 4135 οἱ
2107 4085 2161 4136 ἐν
2211 4080 2413 4153 Εὐβοίᾳ
2452 4081 2594 4149 (scil.
2634 4079 2787 4150 τότε)
2825 4080 3081 4135 Ἑστίαιαν
3120 4084 3198 4135 οἷ-

625 4181 856 4237 κοῦντες.

839 4268 923 4322 28.
963 4265 1208 4321 Primum
1258 4264 1569 4321 Miltiadem
1628 4263 1877 4320 fortasse
1927 4262 2159 4334 Cypseli
2216 4262 2392 4318 filium
2443 4261 2719 4331 (Cimonis
2775 4260 2953 4316 tilium
3011 4260 3197 4318 tuisse

625 4359 813 4413 narrat
860 4355 1226 4423 Herodotus),
1286 4355 1490 4412 deinde
1540 4353 1783 4410 Otanem
1833 4354 2100 4408 Lemnum
2148 4367 2471 4423 occupasse
2512 4352 2703 4408 statuit
2741 4350 3009 4422 Meyerus
3056 4352 3089 4405 1.
3145 4368 3197 4408 c.

625 4447 918 4520 Meyerum
958 4447 1065 4502 hoc
1107 4448 1255 4503 recte
1295 4448 1539 4504 statuere
1577 4444 1788 4502 iudicat
1827 4443 2299 4502 Wilamowitzius
2339 4443 2570 4502 Aristot.
2611 4442 2723 4499 und
2752 4441 2933 4497 Athen
2961 4440 3018 4495 11.
3049 4445 3195 4508 73,4.
