3426 5306
1705 544 2133 608 ...30-

638 744 1105 838 impenderunt
1154 751 1465 836 Aegyptii
1516 751 1664 834 ipsi,
1729 752 1984 834 partem
2034 748 2492 818 Athenienses.
2591 751 2669 818 Et
2719 754 2953 836 primis
3001 770 3208 836 expe-

636 862 910 927 ditionis
980 862 1172 926 annis
1243 861 1309 924 in
1371 858 1682 944 Aegypto
1757 877 2027 943 quoque
2099 860 2386 943 praedas
2452 858 2704 928 faciunt
2759 859 3209 927 Athenienses

623 970 960 1052 sociique,
1007 968 1286 1051 huisque
1316 966 1601 1050 praedae
1636 971 1888 1049 partem
1925 967 1991 1031 in
2021 965 2362 1033 Deliacum
2399 968 2780 1034 thesaurum
2812 969 3207 1035 translatum

635 1094 783 1143 esse
816 1077 969 1142 inde
1003 1075 1530 1141 concludendum
1558 1076 1677 1152 est,
1731 1075 1913 1157 quod
1941 1075 2228 1158 praedae
2258 1077 2459 1142 etiam
2487 1077 2553 1141 in
2577 1073 2899 1144 Siciliensi
2930 1078 3208 1160 expedi-

636 1186 818 1250 tione
889 1182 1105 1250 factae
1175 1183 1475 1249 decimae
1542 1185 1697 1248 sunt
1748 1182 2092 1249 Minervae
2162 1185 2335 1249 arcis
2403 1184 2665 1250 dicatae
2717 1182 3027 1270 [Lysia]²⁹
3084 1203 3207 1268 pro

636 1291 1014 1377 Polystrato
1056 1290 1255 1377 (XX.)
1303 1291 1391 1355 24
1439 1285 1688 1356 teste.³⁰
1784 1289 1860 1355 Et
1909 1292 2197 1356 amissae
2247 1295 2400 1358 sunt
2451 1309 2656 1358 naves
2703 1290 3207 1358 Atheniensium

637 1401 1105 1483 sociorumque
1170 1400 1233 1464 in
1292 1397 1602 1482 Aegypto
1670 1415 1851 1463 anno
1907 1398 2060 1477 454,
2140 1399 2258 1464 sed
2309 1402 2461 1464 ante
2512 1417 2759 1464 annum
2806 1401 2938 1466 449
2990 1418 3210 1466 novae

640 1525 847 1573 naves
921 1524 1052 1572 non
1127 1509 1280 1572 sunt
1349 1503 1771 1570 aedificatae.
1869 1501 2186 1588 Sumptus
2256 1509 2472 1571 autem
2532 1505 2696 1581 belli,
2739 1508 2813 1572 in
2864 1505 3208 1574 Graecia

636 1614 1195 1681 annis460—-453
1221 1614 1390 1697 gesti
1429 1613 1585 1695 quin
1621 1613 1909 1677 maxima
1935 1631 2014 1678 ex
2050 1616 2237 1696 parte
2269 1611 2715 1681 Athenienses
2740 1616 2866 1698 ipsi
2904 1596 3207 1699 sociique

639 1723 1036 1790 continentis
1084 1720 1430 1798 Graeciae,
1469 1737 1602 1785 non
1651 1720 1817 1784 socii
1855 1718 2110 1786 Deliaci
2148 1718 2444 1799 fecerint,
2494 1722 2605 1786 vix
2638 1725 2863 1805 potest
2896 1723 3206 1788 dubitari.

853 1829 1025 1914 Ergo
1099 1829 1280 1911 quod
1354 1827 1542 1893 testis
1616 1828 1916 1910 optimus
1987 1845 2368 1912 anonymus
2434 1828 2946 1913 Argentinensis
3019 1848 3208 1895 anno

634 1939 769 2003 450
817 1939 881 2001 in
932 1938 1185 2002 aerario
1222 1934 1497 2002 Deliaco
1546 1935 1846 2018 quinque
1897 1935 2074 2001 milia
2123 1936 2518 2003 talentorum
2571 1936 2852 2003 infuisse
2900 1940 3207 2017 testatur,

641 2063 776 2111 non
829 2049 927 2111 est
980 2062 1092 2109 cur
1142 2062 1277 2109 non
1328 2044 1696 2109 credamus.
2633 2128 2638 2137 ,

853 2152 1033 2217 Haec
1080 2154 1381 2235 quinque
1431 2150 1610 2216 milia
1656 2150 2056 2216 talentorum
2092 2169 2272 2216 anno
2297 2152 2554 2232 450l49
2607 2153 2670 2216 in
2706 2170 2920 2218 arcem
2948 2153 3207 2219 Miner·
3263 2177 3270 2182 ·

635 2279 757 2326 vae
805 2260 1126 2326 translata
1175 2276 1324 2325 esse
1376 2262 1596 2325 narrat
1645 2276 2026 2342 anonymus
2073 2258 2605 2342 Argentinensis.

849 2366 1048 2432 Anno
1081 2368 1203 2432 421
1263 2368 1719 2450 pecuniarum,
1769 2383 1943 2450 quae
1991 2384 2172 2433 anno
2197 2367 2319 2433 431
2382 2368 2447 2432 in
2497 2384 2649 2432 arce
2699 2367 2958 2433 fuerant
2985 2367 3202 2454 ThuC.

637 2476 708 2542 II.
771 2477 868 2553 13,
919 2479 1177 2558 praeter
1226 2474 1333 2539 illa
1382 2473 1557 2539 mille
1605 2474 1856 2540 talenta
1887 2474 2095 2540 Thuc.
2152 2474 2219 2539 II.
2276 2476 2381 2540 24.
2423 2474 2582 2541 VIII.
2629 2475 2704 2540 15
2757 2475 2915 2540 nihil
2966 2493 3211 2559 super-

637 2582 847 2649 fuisse
900 2583 1026 2648 nisi
1080 2581 1402 2647 nonnulla
1451 2585 1736 2668 centena
1769 2581 2015 2648 talenta
2047 2585 2253 2648 testes
2287 2586 2443 2648 sunt
2482 2583 2868 2667 logistarum
2907 2583 3209 2650 rationes

640 2689 712 2758 C.
763 2691 814 2776 J.
868 2690 941 2756 A.
1000 2690 1040 2755 I.
1094 2690 1241 2756 273.
1344 2689 1473 2760 Iam
1512 2687 1706 2754 'anno
1754 2690 1888 2755 428
1958 2707 2240 2773 magnae
2310 2690 2652 2755 Minervae
2710 2692 3037 2774 pecuniae
3088 2709 3209 2756 ex·-

639 2798 912 2864 haustae
963 2801 1169 2875 erant,
1221 2791 1532 2882 εἰσφορὰν
1582 2801 1904 2882 εἰσφέρειν
1953 2813 2228 2863 necesse
2278 2804 2416 2863 erat
2464 2796 2672 2862 Thuc.
2729 2797 2826 2863 III.
2888 2800 2983 2865 19.
3105 2793 3109 2798 ’

856 2904 1049 2972 Unde
1099 2905 1556 2988 pecuniarum,
1606 2921 1779 2987 quae
1827 2921 2008 2969 anno
2042 2904 2177 2970 460
2225 2906 2290 2970 in
2340 2922 2491 2970 arce
2525 2903 2806 2984 fuerant,
2857 2924 3037 2971 anno
3071 2907 3209 2971 452

640 3031 775 3077 non
826 3030 1133 3096 magnam
1184 3015 1436 3096 partem
1487 3010 1902 3095 superfuisse
1950 3012 2307 3078 verisimile
2356 3011 2449 3078 fit.
2552 3012 2619 3077 Id
2669 3014 2854 3096 quod
2903 3013 3210 3081 firmatur

639 3137 742 3197 eo,
822 3120 1005 3202 quod
1055 3118 1507 3186 Athenienses
1575 3119 1775 3184 annis
1822 3119 2181 3184 452-450
2237 3119 2481 3184 bellum
2535 3137 2751 3202 neque
2803 3121 2868 3185 in
2920 3117 3210 3187 Graecia

642 3245 857 3309 neque
931 3230 1162 3293 contra
1212 3225 1449 3291 Persas
1522 3229 1779 3308 gerunt.
1834 3263 1916 3271 —
1970 3224 2253 3293 Constat
2300 3226 2453 3292 loco
2502 3226 2943 3312 Thucydideo
2995 3227 3063 3293 II.
3129 3230 3209 3295 13

639 3333 715 3398 cl.
775 3332 848 3401 C.
898 3333 947 3417 J.
1003 3332 1075 3398 A.
1135 3333 1174 3398 I.
1228 3333 1314 3399 32
1366 3332 1547 3397 nullo
1598 3350 1913 3415 umquam
1963 3349 2144 3397 anno
2192 3334 2632 3400 antecedente
2680 3333 2834 3417 plus
2883 3336 3210 3418 pecunia-

640 3458 780 3506 rum
856 3441 920 3505 in
970 3458 1119 3506 arce
1170 3439 1377 3507 fuisse
1428 3458 1626 3523 quam
1700 3457 1880 3506 anno
1928 3440 2175 3508 437s36
2243 3444 2395 3506 ante
2445 3439 2815 3526 Propylaea
2863 3442 3207 3509 aedificari

642 3551 898 3631 coepta,
974 3566 1121 3613 cum
1198 3548 1306 3613 illa
1379 3548 1500 3614 tria
1550 3547 1730 3612 milia
1778 3547 2172 3614 talentorum
2226 3548 2290 3612 in
2341 3564 2556 3612 arcem
2608 3551 2833 3614 essent
2882 3550 3210 3617 translata

854 3713 938 3763 29.
980 3707 1176 3764 Oratio
1219 3722 1321 3777 pro
1349 3707 1673 3778 Polystrato
1716 3707 1913 3778 paucis
1955 3707 2247 3762 mensibus
2287 3708 2421 3776 post
2459 3706 2992 3777 quadringentorum
3035 3723 3208 3767 sena-

638 3801 754 3854 tum
780 3797 1013 3867 imperio
1036 3799 1334 3868 expulsum
1356 3797 1548 3853 habita
1568 3800 1671 3863 est,
1698 3797 1876 3867 (anno
1920 3801 2026 3851 410
2048 3799 2144 3851 aut
2164 3799 2266 3850 409
2289 3795 2358 3851 cf.
2418 3795 2585 3852 etiam
2624 3795 2664 3867 §
2690 3801 2805 3852 29.;
2844 3813 2896 3853 ν.
2925 3798 3207 3867 Pohlium,

641 3889 711 3944 de
770 3887 1025 3943 oratione
1083 3902 1185 3957 pro
1234 3886 1558 3957 Polystrato
1608 3887 1851 3957 Lysiaca
1908 3887 2050 3941 diSS.
2100 3885 2326 3955 Argent.
2380 3889 2511 3940 1881
2577 3901 2627 3955 p.
2669 3890 2736 3941 25
2786 3886 2942 3957 sqq.)
2994 3889 3203 3960 Lysias

645 3980 841 4034 contra
889 3976 1317 4032 Eratosthenem
1368 3976 1513 4046 (XII)
1561 3981 1594 4030 3
1644 3991 1707 4031 se
1758 3977 1886 4031 ante
1936 3976 2079 4030 hanc
2126 3976 2322 4030 contra
2370 3974 2798 4031 Eratosthenem
2847 3976 3206 4036 Polemarchi

640 4066 834 4123 caedis
874 4080 1109 4122 causam
1149 4065 1295 4134 (403)
1318 4066 1526 4121 nullam
1565 4066 1749 4121 adhuc
1828 4078 2060 4120 causam
2100 4078 2282 4133 neque
2322 4078 2483 4119 suam
2511 4079 2692 4134 neque
2718 4067 2955 4122 alienam
2984 4067 3209 4126 dixisse

640 4156 848 4211 diserte
886 4157 1137 4211 testatur.
1214 4154 1336 4210 Hoc
1374 4155 1758 4210 testimonium
1797 4153 2023 4219 sufficit,
2065 4156 2123 4209 ut
2149 4153 2460 4209 orationem
2488 4154 2606 4209 XX.
2682 4155 2885 4226 Lysiae
2912 4156 3206 4216 abiudice-

643 4258 786 4300 muS.
837 4246 913 4312 (v.
954 4258 1000 4299 e.
1037 4258 1120 4314 gr.
1160 4243 1417 4298 Pohlium
1466 4243 1497 4298 l.
1539 4258 1586 4299 c.
1637 4258 1689 4313 p.
1728 4241 1845 4312 36.)
1920 4241 2212 4298 Accedunt
2252 4243 2423 4299 multa
2461 4257 2559 4300 cur
2596 4244 2777 4299 oratio
2817 4244 2935 4300 XX.
2976 4262 3091 4302 non
3133 4249 3209 4305 sit

642 4334 861 4404 Lysiae.

854 4428 938 4478 30.
979 4422 1188 4478 Docuit
1226 4422 1495 4491 Meyer-us
1537 4421 1766 4476 Forsch.
1807 4438 1856 4476 z.
1897 4422 2043 4476 alten
2081 4420 2424 4479 Geschichte
2463 4422 2519 4476 II.
2560 4438 2613 4493 p.
2656 4426 2774 4478 122.
