3426 5306
1286 541 1709 626 ..-.-(',()..⁴

233 760 316 839 ad
364 773 611 838 hostes.
650 796 654 801 ·
708 767 899 837 Sane*
927 771 1196 836 vincunt
1243 767 1693 835 Athenienses
1739 770 2026 834 ineunte·
2054 767 2267 833 hieme
2313 763 2561 838 415114
2592 752 2791 853 Syra-

236 897 527 945 cusanos
575 878 780 943 Thuc.
836 877 936 945 VI.
992 879 1095 944 66.
1148 879 1255 955 67,
1316 880 1607 943 attamen
1682 877 1809 942 iam
1872 877 2067 941 novis
2138 876 2355 959 copiis
2424 893 2598 959 opus
2667 880 2791 956 est,

234 990 301 1052 ut
348 985 791 1053 Athenienses
851 986 1118 1050 ineunte
1191 988 1442 1051 aestate
1498 985 1632 1049 414
1682 981 2046 1068 Syracusas
2116 983 2424 1048 obsidere
2499 985 2791 1066 possint:

236 1096 570 1159 mittuntur
648 1111 799 1158 vere
883 1094 1034 1157 anni
1114 1093 1247 1156 4l4
1315 1090 1593 1157 Athenis
1673 1092 1933 1156 ducenti
2017 1091 2453 1174 quadraginta
2534 1092 2796 1173 equites

231 1202 501 1267 trecenti
553 1201 840 1284 sagitarii
893 1203 1184 1267 trecenta
1233 1198 1503 1264 talenta:
1553 1198 1761 1264 ThuC.
1816 1197 1919 1264 Vl.
1971 1198 2077 1263 94.

359 1298 366 1303 ’
448 1306 706 1373 Deinde
757 1326 874 1391 per
920 1307 1171 1390 aliquot
1221 1324 1485 1372 menses
1534 1324 1666 1372 rem
1718 1306 1887 1371 bene
1934 1309 2169 1389 gerunt
2219 1307 2284 1370 in
2329 1302 2554 1372 Sicilia
2588 1303 2792 1371 Athe-

236 1416 502 1481 nienses
550 1414 753 1480 Thuc.
792 1414 1259 1492 V1.96-103‚
1312 1414 1429 1480 sed
1479 1416 1604 1479 iam
1656 1416 1937 1480 exeunte
1987 1416 2241 1479 aestate
2281 1413 2415 1478 414
2458 1410 2795 1498 Gylippus

233 1521 461 1601 efficit,
513 1527 578 1589 ut
628 1524 770 1587 sine
819 1539 1066 1605 magno
1118 1540 1296 1587 novo
1348 1523 1631 1587 exercitu
1682 1520 2129 1587 Athenienses
2178 1537 2250 1587 se
2300 1521 2596 1586 victuros
2646 1537 2793 1586 esse

235 1632 363 1694 iam
417 1648 552 1695 non
602 1634 890 1712 sperent.

450 1737 671 1820 Itaque
742 1738 1008 1802 ineunte
1080 1755 1231 1802 vere
1288 1738 1418 1803 413
1493 1736 1985 1803 Demosthenes
2055 1735 2290 1801 Piraeo
2364 1736 2428 1800 in
2500 1732 2792 1802 Siciliam

233 1845 532 1911 evehitur
602 1862 747 1909 cum
823 1844 1042 1910 multis
1097 1842 1594 1910 Atheniensium
1669 1846 2141 1926 sociorumque
2210 1844 2444 1926 copiis,
2518 1860 2791 1925 quarum

233 1952 396 2017 socii
449 1952 774 2017 insulares
819 1951 1031 2036 Jonici
1086 1951 1521 2035 Hellespontii
1572 1951 1833 2017 Thracii
1908 1952 2129 2035 plures
2180 1967 2374 2034 quam
2424 1948 2794 2016 Athenien-

235 2076 347 2125 ses
396 2061 522 2141 ipsi
576 2061 638 2124 in
690 2056 979 2125 Siciliam
1030 2061 1312 2126 mittunt:
1364 2060 1569 2125 Thuc.
1624 2059 1755 2125 Vll.
1807 2061 1895 2126 20
1942 2059 2043 2124 cll.
2095 2060 2201 2136 31,
2252 2060 2358 2137 33,
2408 2059 2516 2136 35,
2564 2058 2672 2122 42.

453 2166 646 2232 Unde
717 2168 928 2232 hieme
975 2169 1219 2236 414s'13
1294 2207 1375 2215 —
1428 2172 1624 2233 'nova
1673 2168 2011 2250 expeditio
2071 2163 2439 2232 Siciliensis
2511 2168 2792 2248 paratur,

241 2291 459 2338 novus
510 2273 1184 2339 Lacedaemoniorum
1234 2277 1295 2339 in
1347 2274 1629 2341 Atticam
1684 2276 1988 2339 incursus
2039 2276 2078 2338 i.
2130 2292 2182 2338 e.
2252 2290 2495 2337 novum
2547 2272 2796 2337 bellum

237 2379 883 2464 Peloponnesiacum
935 2382 1217 2446 minatur
1264 2419 1346 2428 —
1396 2381 1897 2448 Atheniensium
1951 2383 2179 2447 socios
2227 2398 2425 2464 quam
2476 2380 2800 2463 plurimas

236 2488 471 2571 copias
520 2491 630 2553 aut
676 2490 994 2571 pecunias
1041 2489 1195 2554 dare
1246 2495 1517 2555 coactos
1568 2507 1716 2555 esse
1766 2489 2183 2555 statuendum
2235 2491 2354 2553 est.

454 2594 625 2681 Ergo
676 2613 998 2661 annorum
1046 2597 1292 2665 4l5sl4
1341 2601 1401 2664 et
1446 2599 1690 2668 414ll3
1739 2596 1900 2664 tituli
1955 2594 2028 2664 C.
2079 2596 2131 2682 J.
2182 2594 2258 2661 A.
2314 2595 2354 2661 1.
2391 2595 2524 2661 258
2567 2597 2628 2661 et
2663 2595 2784 2662 261

236 2719 387 2770 esse
436 2705 760 2769 statuendi
813 2709 979 2771 sunt.
1438 2707 1441 2708 ’
1913 2755 1914 2758 ,

447 2808 645 2875 Anno
679 2813 843 2877 tituli
898 2812 971 2882 C.
1007 2815 1059 2900 J.
1096 2814 1171 2879 A.
1211 2814 1252 2879 1.
1288 2815 1420 2881 258
1455 2816 1742 2880 maiores
1782 2813 2275 2896 Hellespontiae
2320 2813 2796 2876 civitates—ne

235 2919 362 2983 hae
435 2919 702 2999 quidem
777 2938 1038 2986 omnes:
1108 2923 1346 2987 desunt
1394 2919 1830 3006 Selymbriani
1883 2925 1944 2987 et
1995 2919 2325 2997 Perinthii,
2378 2956 2460 2965 —
2514 2916 2795 2986 Chalce-

233 3025 414 3089 donii
499 3024 931 3108 Lampsaceni
1012 3028 1301 3111 Byzantii
1385 3027 1693 3112 Abydeni
1780 3026 2089 3112 Cyziceni
2181 3028 2419 3093 tributa
2499 3025 2791 3091 solvunt:

233 3132 473 3197 tributa
522 3149 699 3196 anno
731 3133 986 3217 425s24
1032 3135 1366 3217 duplicata
1418 3137 1544 3200 iam
1589 3153 1671 3199 ne
1724 3135 1848 3200 hae
1897 3135 2167 3218 quidem
2203 3136 2500 3200 civitates
2534 3133 2794 3198 solvere

234 3244 537 3321 possunt.
639 3239 689 3304 Ε
737 3258 1009 3306 numero
1046 3244 1367 3306 minorum
1407 3242 2009 3325 Hellespontiarum
2048 3242 2381 3306 civitatum
2419 3256 2794 3323 perpaucae

231 3348 484 3410 tantum
533 3347 769 3412 tributa
829 3349 1122 3414 solvunt:
1175 3352 1236 3411 «l
1284 3348 1350 3410 δὲ
1420 3345 1724 3431 πρόσοδοι
1794 3343 2165 3411 ἀπιίλλυντο
2206 3346 2413 3412 ThuC.
2453 3345 2584 3412 Vll.
2620 3347 2792 3424 28‚4.

449 3452 581 3518 lam
647 3471 826 3519 anno
873 3456 1024 3533 432,
1087 3474 1220 3539 quo
1280 3473 1460 3521 anno
1512 3454 1920 3533 Potideatae,
1983 3453 2462 3519 Chalcidenses
2510 3452 2793 3530 Thracii,

234 3559 514 3626 Bottiaei
566 3561 649 3626 ab
698 3560 1218 3629 Atheniensibus
1268 3563 1667 3641 deiecerant,
1721 3567 1782 3629 et
1832 3564 2025 3628 annis
2073 3562 2208 3626 424
2257 3565 2320 3627 et
2352 3561 2503 3639 423,
2556 3561 2796 3644 quibus

232 3666 427 3730 annis
507 3665 814 3734 Brasidas
893 3669 1212 3736 Thracias
1292 3672 1594 3737 civitates
1671 3671 1757 3735 ad
1836 3668 2288 3735 rebellandum
2384 3669 2794 3744 excitaverat,

233 3771 555 3839 Thraciae
606 3779 986 3859 provinciae
1053 3780 1261 3844 maior
1318 3796 1474 3863 pars
1545 3780 1790 3844 amissa
1840 3781 1972 3843 erat
2019 3775 2564 3843 Atheniensibus:
2635 3792 2795 3858 ergo

232 3878 554 3947 Thraciae
625 3885 1008 3966 provinciae
1084 3885 1326 3951 tributa
1399 3888 1592 3952 annis
1662 3886 1992 3951 titulorum
2066 3881 2138 3952 C.
2189 3882 2242 3967 J.
2296 3881 2370 3952 A.
2429 3881 2469 3947 1.
2530 3882 2662 3947 258
2734 3885 2810 3954 et.

234 3988 353 4053 261
414 3990 661 4054 maiora
695 3990 901 4056 fuisse
935 4010 1131 4075 quam
1168 3992 1661 4076 Hellespontiae
1710 3993 2094 4076 provinciae
2142 3992 2250 4055 vix
2301 3990 2490 4055 statui
2543 3991 2793 4072 potest;

235 4113 451 4178 neque
499 4096 771 4181 Jonicae
821 4101 1202 4181 provinciae
1251 4100 1484 4166 tributa
1534 4103 1780 4165 maiora
1829 4103 1985 4165 tunc
2030 4099 2238 4163 fuisse
2287 4114 2483 4179 quam
2534 4094 2795 4161 Helles-

233 4204 502 4285 pontiae
591 4206 970 4287 provinciae
1059 4209 1405 4273 statuenda
1495 4206 1739 4286 sunt;1⁶
1831 4207 2167 4291 aliquanto
2258 4205 2505 4269 maiora
2585 4202 2795 4268 fuisse

234 4310 596 4375 insularum
644 4313 879 4379 tributa
929 4317 1025 4380 est
1098 4317 1542 4380 statuendum:
1599 4312 1671 4383 C.
1721 4315 1773 4400 J.
1824 4313 1901 4379 A.
1956 4314 1994 4379 1.
2047 4315 2153 4380 37.

455 4459 538 4507 16.-
576 4454 644 4509 οἱ.
688 4469 835 4524 quae
874 4456 1017 4511 inira
1054 4455 1504 4524 disputabuntur.
