3426 5306
1629 517 2053 581 -62-

600 741 680 788 eo
734 724 860 789 iam
911 723 1249 788 anno409
1298 721 1543 787 multos
1592 722 1821 787 socios
1868 723 2101 787 iterum
2150 721 2397 787 tributa
2446 740 2567 805 pro
2618 723 2957 792 vicesimis
3005 728 3151 793 sol-

564 830 764 895 visse.
865 828 1180 895 Diserte
1231 829 1470 894 dicitur
1531 847 1749 913 neque
1796 828 2238 913 Thucydideo
2289 828 2444 894 loco
2494 830 2915 916 privilegium
2966 852 3143 915 esse,

568 936 750 1020 quod
823 935 1049 1021 Argilii
1124 934 1423 1002 Acanthii
1495 936 1830 1019 ceterique
1899 953 2033 1000 non
2107 935 2518 1018 duplicatum
2591 936 2933 1020 tributum,
3016 943 3137 1008 sed

566 1044 885 1109 tributum
934 1047 1185 1109 tantum
1237 1043 1322 1109 ab
1361 1041 1651 1109 Aristide
1703 1044 2029 1108 censitum
2079 1043 2235 1107 dare
2287 1042 2613 1123 iubentur,
2666 1063 2888 1129 neque
2913 1047 3147 1116 Xeno·
3249 1098 3260 1117 2

565 1151 864 1234 phonteo
916 1150 1089 1230 loco,
1140 1151 1323 1234 quod
1373 1150 1687 1216 tributum
1737 1152 1991 1216 tantum
2043 1150 2338 1233 pendere
2365 1150 2675 1217 iubentur
2702 1148 3141 1221 Chalcedonii

567 1276 687 1342 pro
762 1259 1079 1323 vicesima
1148 1258 1229 1322 cf.
1281 1256 1488 1322 ThuC.
1546 1256 1676 1323 Vll.
1729 1257 1902 1334 28,4.
1999 1256 2144 1322 Nisi
2197 1256 2768 1325 Lacedaemonios
2838 1261 3147 1346 aliosque

571 1365 812 1431 tributa
873 1383 1051 1430 anno
1100 1364 1352 1448 425s24
1426 1382 1557 1429 non
1630 1364 1919 1449 legitime
1992 1364 2330 1447 duplicata
2403 1381 2553 1430 esse
2602 1367 2935 1434 iudicasse
2987 1369 3146 1436 nihil

568 1472 863 1555 sequitur
922 1490 957 1537 e
1006 1472 1158 1537 loco
1208 1470 1668 1556 Thucydideo,
1744 1471 1903 1535 nihil
1954 1490 1989 1536 e
2036 1471 2531 1555 Xenophonteo
2583 1473 2710 1539 nisi
2763 1472 3147 1543 Pharnaba-

568 1597 715 1644 zum
789 1580 1095 1662 aliosque
1153 1580 1509 1645 vicesimas
1556 1597 1680 1662 pro
1729 1579 1991 1644 tributis
2041 1582 2310 1645 exactas
2358 1597 2493 1644 non
2544 1579 2871 1663 legitimas
2931 1582 3145 1649 habu-

573 1687 734 1764 isse3
809 1689 871 1751 et
921 1685 1487 1751 Lacedaemonios
1536 1684 2177 1769 Pharnabazumque
2250 1690 2422 1752 recte
2496 1687 2829 1754 iudicasse
2881 1691 3147 1758 silentio

577 1794 956 1858 concedunt
1003 1791 1447 1858 Athenienses
1496 1793 1622 1876 ipsi
1650 1791 2105 1876 Xenophonte
2131 1791 2662 1876 Thucydideque
2709 1797 2993 1863 testibus
3041 1816 3145 1877 eo,

567 1901 752 1983 quod
821 1918 997 1965 anno
1045 1900 1166 1964 421
1250 1899 1393 1965 illas
1441 1898 1759 1964 Thracias
1808 1899 2107 1965 civitates
2156 1917 2237 1964 ex
2285 1898 2595 1966 Aristidis
2644 1919 2848 1969 censu
2899 1904 3144 1970 tributa

572 2008 832 2073 solvere
885 2007 1131 2085 iubent,
1182 2023 1364 2072 anno
1414 2007 1546 2072 409
1596 2004 2073 2075 Chalcedoniis
2123 2006 2364 2072 tributa
2414 2025 2535 2090 pro
2585 2010 2925 2076 vicesimis
2976 2029 3145 2095 pen-

572 2115 730 2180 dere
783 2115 1182 2180 concedunt.

796 2221 879 2287 Ut
927 2220 1231 2287 Thraciis
1279 2220 1411 2286 illis
1460 2222 1667 2287 sociis
1716 2223 1805 2286 ita
1855 2217 2329 2287 Chalcedoniis
2377 2221 2508 2286 alia
2557 2240 2830 2307 quoque
2880 2226 3144 2308 privile-

575 2330 684 2414 gia
756 2329 1228 2394 conceduntur.
1326 2328 1497 2393 Nam
1548 2327 1934 2412 Byzantium
1986 2345 2225 2411 capere
2275 2326 2717 2396 Athenienses
2766 2335 3144 2415 properant,

573 2438 795 2520 itaque
847 2434 1346 2504 Chalcedonem
1419 2439 1614 2501 antea
1683 2438 1747 2500 vi
1808 2452 2050 2519 capere
2125 2453 2256 2500 non
2332 2440 2637 2519 possunt.
2728 2437 2957 2521 ltaque
3032 2457 3144 2504 rex

572 2544 814 2608 arbiter
871 2542 1006 2608 fiet.
1103 2542 1355 2608 Milites
1402 2541 1906 2608 Atheniensium
1968 2543 2029 2606 in
2092 2543 2322 2609 urbem
2384 2544 2814 2617 intromittere
2864 2564 2998 2610 non
3052 2547 3150 2610 iu-

579 2652 816 2717 bentur
866 2648 1326 2728 Chalcedonii,
1398 2648 1840 2716 Athenienses
1892 2646 2385 2717 Chalcedonem
2460 2653 2735 2736 aggredi
2815 2657 3143 2719 vetantur.

575 2758 892 2824 Poterunt
928 2756 1364 2825 Chalcedonii
1402 2758 1647 2823 bellum
1699 2758 1925 2823 denuo
1976 2758 2285 2842 incipere,
2337 2760 2391 2824 si
2444 2777 2557 2824 rex
2607 2777 2754 2824 cum
2779 2759 3147 2826 Athenien-

585 2866 774 2933 sibus
824 2882 1058 2950 pacem
1112 2883 1248 2929 non
1299 2862 1541 2931 fecerit.

791 2973 1026 3056 Neque
1100 2974 1461 3055 quominus
1534 2972 1687 3037 inde
1760 2973 1847 3037 ab
1918 2991 2097 3039 anno
2145 2973 2277 3038 413
2327 2990 2542 3056 usque
2590 2974 2674 3039 ad
2724 2991 2968 3040 annum
3017 2976 3149 3041 405

577 3082 804 3147 socios
874 3078 1378 3146 Atheniensium
1446 3080 1745 3163 exceptis
1817 3080 1971 3144 inde
2041 3079 2125 3146 ab
2206 3097 2384 3145 anno
2463 3082 2595 3146 409
2677 3079 3152 3150 Chalcedoniis

578 3189 935 3254 vicesimas
984 3205 1108 3270 pro
1157 3187 1418 3253 tributis
1466 3186 1754 3253 solvisse
1804 3191 2194 3264 statuamuS‚
2247 3186 2468 3253 obstat
2515 3188 2744 3254 titulus
2789 3187 2862 3257 C.
2899 3188 2950 3274 J.
2990 3188 3064 3254 A.
3106 3190 3145 3256 1.

575 3296 724 3361 258.
833 3295 1067 3377 Neque
1142 3295 1315 3360 enim
1389 3292 1531 3356 αἵδε
1605 3289 1827 3369 πόλεις
1897 3292 2377 3377 κατα[τ]ελοῦσι
2426 3290 2533 3356 τὸν
2580 3316 2779 3380 φορον
2835 3297 3149 3380 explicari

577 3407 797 3487 potest
845 3403 1051 3467 haece
1100 3402 1298 3466 urbes
1367 3401 1719 3486 vectigalia
1790 3401 1859 3488 (i.
1914 3419 1967 3466 e.
2020 3399 2437 3487 vicesimam)
2500 3402 2862 3485 pendendo
2909 3403 3152 3470 tributa

579 3510 845 3576 solvunt
895 3510 932 3573 i.
985 3527 1039 3574 e.
1090 3509 1476 3574 vicesimam
1529 3527 1648 3593 pro
1698 3508 1941 3575 tributo
1991 3505 2281 3573 solvunt.

793 3616 1027 3699 Neque
1093 3617 1159 3680 in
1232 3616 1347 3681 i-llo
1396 3615 1892 3698 Xenophonteo
1968 3607 2302 3678 ὑποτελεῖν
2372 3610 2478 3677 τὸν
2548 3610 2747 3701 φόρον
2816 3627 3034 3700 neque
3084 3619 3149 3682 in

583 3726 712 3790 hoc
752 3725 924 3808 'tituli
975 3722 1341 3786 κατατελεῖν
1388 3723 1521 3788 ulla
1564 3724 1927 3789 vicesimae
1976 3722 2224 3787 mentio
2277 3722 2464 3788 inest.
2562 3720 2926 3800 Quomodo
2968 3724 3154 3790 aliter

580 3834 782 3915 atque
858 3826 1184 3894 ἀπέδοσαν
1250 3835 1360 3897 aut
1425 3831 1718 3894 ἐτέλεσαν
1772 3836 1882 3897 aut
1937 3822 2322 3892 ὗπετέλεσαν
2379 3833 2493 3895 aut
2549 3828 2830 3896 fortasse
2889 3825 3155 3917 ἤνεγκαν

581 3936 687 4002 τὸν
736 3934 935 4024 φόρον
979 3938 1288 4004 tributum
1335 3938 1679 4004 solverunt
1715 3935 1972 4004 Graece
2016 3937 2294 4019 exprimi
2331 3935 2602 4019 potest?
2673 3937 2754 4003 Et
2789 3937 3154 4002 καταπλεῖν

583 4042 687 4109 τὸν
735 4041 935 4132 φόρον
980 4049 1287 4111 accurate
1339 4045 1589 4111 dictum
1640 4049 1767 4111 est:
1821 4045 2055 4128 plene
2104 4043 2392 4126 pendere
2441 4042 2777 4110 tributum.

797 4152 1094 4219 Offendit
1167 4169 1312 4230 nOS‚
1388 4152 1567 4234 quod
1639 4170 1774 4216 non
1828 4150 2173 4216 exhibetur
2220 4149 2517 4215 aoristus
2588 4150 3001 4236 κατρτέλεσαν
3049 4147 3155 4216 τὸν

589 4257 790 4346 φόρον
859 4261 979 4325 sed
1049 4259 1337 4324 futurum
1386 4256 1846 4321 nazaraei-m?
1939 4254 2187 4325 Contra
2247 4274 2544 4322 normam
2592 4250 2978 4341 Myrinaeos
3028 4260 3153 4326 lm-

798 4406 846 4456 2.
886 4403 1267 4455 κατατελοῦσιν
1326 4401 1413 4456 hic
1472 4414 1585 4455 non
1644 4402 1734 4455 est
1793 4412 2093 4469 praesens:
2151 4412 2433 4469 nusquam
2474 4398 2567 4453 tali
2608 4399 2782 4454 modo
2821 4401 3153 4460 tributorum
